3088 5021
1593 376 1673 438 36

491 534 1080 619 Carthaginienses,
1156 527 1418 605 Orosius
1461 537 1782 603 Romanos
1836 543 1986 621 post
2041 538 2353 622 proelium
2410 536 2644 603 navale
2689 537 2798 602 Li-

489 658 713 723 param
759 628 1085 723 appulisse
1129 659 1323 703 naves
1365 640 1696 718 referunt,
1769 640 2073 724 Polybius
2116 642 2437 706 Romanos
2481 639 2801 723 Tyndari-

489 741 633 806 dem
678 742 872 805 fuisse
914 746 979 805 et
1022 741 1265 806 Poenos
1301 748 1676 825 praevectos
1721 763 1858 806 esse
1902 743 2061 807 dicit
2096 792 2112 821 ,
2187 743 2469 807 Zonaras
2519 742 2800 807 Cartha-

490 843 811 926 ginienses
853 842 1024 926 apud
1068 843 1580 927 Tyndaritanum
1622 845 2130 929 promontorium
2172 845 2480 910 Romanis
2523 845 2796 910 insidias

490 966 752 1029 parasse
807 950 1002 1029 atque
1062 965 1102 1010 a
1145 946 1451 1012 Romanis
1495 947 1795 1031 deceptos
1840 968 1976 1011 esse
2021 947 2260 1028 tradit3
2336 948 2557 1032 itaque
2582 947 2797 1031 'Poly-

489 1046 635 1112 bius
678 1046 1030 1126 Philinum,
1081 1048 1199 1113 Dio
1244 1048 1535 1128 Cassiu8‚
1583 1049 1868 1113 Zonarae
1914 1053 2169 1129 auctor,
2236 1050 2509 1115 fortasse
2558 1050 2792 1116 Diodo-

490 1169 667 1228 rum,
716 1150 829 1232 qui
871 1148 1143 1215 Fabium
1190 1150 1513 1215 consuluit
1539 1202 1554 1230 ‚
1602 1150 1865 1216 Orosius
1908 1150 2192 1231 Livium,
2223 1153 2350 1235 ¹qui
2396 1173 2513 1218 sua
2558 1173 2636 1217 ex
2665 1152 2796 1218 Va-

493 1250 650 1316 lerio
698 1252 959 1316 Antiate
1003 1250 1251 1332 hausit,
1326 1254 1528 1317 secuti
1576 1273 1715 1318 esse
1759 1253 2077 1317 videntur.

662 1362 848 1419 Anno
890 1354 1252 1438 insequenti
1295 1354 1587 1420 consules
1632 1355 1818 1419 ambo
1863 1363 2005 1420 cum
2051 1354 2254 1418 classe
2286 1354 2641 1419 CCCXXX
2679 1373 2795 1418 na-

492 1457 664 1525 vium
706 1455 1039 1539 longarum
1083 1461 1311 1521 contra
1342 1456 1553 1522 GCCL
1592 1457 1949 1522 Poenorum
1995 1471 2189 1521 naves
2232 1456 2505 1521 feliciter
2548 1476 2795 1539 pugna-

489 1565 750 1638 verunt,
797 1578 992 1642 quam
1036 1579 1318 1641 pugnam
1366 1559 1665 1642 Polybius
1702 1564 1754 1642 1)
1801 1558 2167 1642 descripsit,
2215 1558 2396 1623 Fabii
2441 1564 2507 1622 et
2549 1557 2795 1623 Philini

491 1661 895 1725 narrationes
955 1660 1433 1740 contaminans3
1506 1662 1614 1724 vix
1677 1663 1846 1725 enim
1908 1660 2293 1725 credendum
2351 1665 2474 1725 est,
2508 1679 2549 1724 a
2590 1659 2795 1725 Fabio

491 1782 772 1847 pugnam
832 1760 1130 1827 navalem
1180 1768 1323 1826 -tam
1380 1769 1682 1827 accurate
1737 1769 1808 1841 et,
1859 1763 1940 1826 ab
1986 1761 2160 1828 omni
2219 1768 2404 1846 parte
2460 1763 2798 1845 perspicue

493 1871 826 1930 narratam
886 1884 1022 1929 esse
1047 1912 1066 1942 ,
1152 1864 1458 1948 quoniam
1521 1864 1796 1930 Romani
1869 1885 2197 1947 nunquam
2263 1885 2368 1929 res
2433 1864 2798 1929 maritimas

490 1988 752 2052 prorsus
795 1970 1162 2051 perspectas
1205 1965 1622 2047 habuerunt3
1699 1988 1894 2031 unum
1943 1966 2261 2030 Philinum
2306 1972 2525 2031 autem
2587 1967 2669 2031 ab
2715 1987 2796 2031 eo

492 2068 850 2133 adhibitum
910 2089 1041 2132 non
1095 2087 1231 2133 esse
1287 2069 1438 2133 inde
1496 2074 1803 2152 apparet,
1877 2068 2047 2152 quod
2093 2088 2237 2132 cum
2283 2069 2592 2153 Eutropio
2626 2071 2681 2145 2)
2727 2074 2800 2133 et

492 2170 715 2236 Orosio
746 2172 801 2244 3)
848 2169 926 2233 de
971 2172 1232 2235 navium
1290 2192 1331 2235 a
1375 2170 1683 2235 Romanis
1740 2177 1805 2234 et
1860 2191 1901 2234 a
1947 2171 2177 2234 Poenis
2233 2172 2615 2235 amissarum
2673 2191 2796 2234 nu‘

487 2293 666 2338 mero
723 2272 881 2336 satis
937 2272 1320 2336 consentiat.
1449 2271 1749 2354 Polybius
1803 2273 2060 2355 quidem
2105 2272 2351 2350 XXIV,
2442 2271 2797 2354 Eutropius

491 2374 681 2441 XXII
724 2393 920 2438 naves
965 2373 1397 2439 Romanorum
1445 2374 1771 2439 demersas
1817 2395 1952 2439 esse
1996 2375 2191 2454 dicit,
2250 2373 2362 2438 sed
2409 2374 2568 2439 haec
2612 2371 2801 2437 diffe-

491 2477 703 2543 rentia
760 2475 1172 2541 librariorum
1236 2476 1486 2541 incuria
1550 2482 1695 2543 orta
1737 2496 1878 2543 esse
1921 2477 2193 2544 videtur.
2309 2477 2536 2561 Itaque
2579 2475 2808 2541 Livius

466 2565 676 2646 ‘Fabii
735 2579 1076 2644 annalibus
1101 2628 1117 2660 ,
1195 2578 1496 2663 Polybius
1542 2580 1732 2644 Fabii
1785 2587 1851 2644 et
1912 2580 2150 2645 Philini
2207 2579 2389 2645 libris
2448 2599 2601 2643 usus
2658 2597 2806 2642 esse

464 2675 768 2748 'videtum
2049 2734 2060 2742 .

665 2784 757 2847 De
827 2782 1037 2865 prima
1103 2781 1537 2872 Romanorum
1614 2784 2017 2868 expeditione
2091 2785 2157 2848 in
2227 2785 2508 2850 Africam
2578 2803 2806 2849 omnes

434 2969 445 2976 ⁶
492 2887 836 2971 scriptores
878 2885 1015 2949 alta
1059 2905 1207 2950 voce
1254 2885 1729 2965 disseruerunt,
1778 2890 1972 2969 atque
2018 2885 2284 2951 Diodori
2328 2886 2690 2970 eclogarius
2722 2888 2807 2967 4),

494 2990 658 3054 Livii
702 2989 1086 3072 epitomator
1118 2989 1204 3069 ⁵),
1270 2987 1501 3052 Florus
1531 2989 1624 3072 6),
1673 2988 1966 3053 Aurelius
1997 2977 2219 3055 Victor
2248 2992 2303 3072 ⁷)
2350 2989 2577 3072 Reguli
2624 2987 2808 3051 fama

495 3091 658 3157 adeo
701 3095 852 3154 sunt
899 3090 1199 3154 commoti
1257 3097 1331 3153 ut
1377 3091 1496 3155 hoc
1539 3111 1670 3154 uno
1716 3091 2102 3173 imperatore
2147 3090 2470 3155 Romanos
2517 3090 2806 3154 Africam

494 3192 728 3258 adiisse
789 3191 1086 3271 tradant,
1167 3192 1466 3275 Polybius
1510 3198 1729 3256 autem
1775 3199 1840 3256 et
1883 3192 2003 3256 Dio
2050 3192 2307 3258 Cassius
2338 3195 2394 3275 8)
2457 3198 2524 3257 et
2570 3193 2809 3257 Eutro-

495 3296 642 3381 pius
672 3297 736 3380 9)
781 3301 846 3358 et
893 3293 1156 3358 Orosius
1192 3298 1277 3376 ¹⁰)
1323 3301 1388 3359 et
1433 3295 1716 3379 Zonaras
1754 3276 1863 3374 1¹)⁶
1881 3294 2305 3373 confirmant,
2380 3294 2603 3359 ambos
2648 3313 2807 3358 con-

497 3397 667 3463 sules
710 3398 778 3461 in
811 3396 1092 3460 Africam
1136 3397 1456 3480 profectos
1502 3419 1656 3461 esse.
1746 3396 1864 3461 His
1909 3398 1976 3460 in
2019 3385 2209 3462 'rebus
2256 3396 2637 3461 enarrandis
2681 3396 2809 3459 Dio

498 3499 758 3564 Cassius
803 3499 1056 3564 Livium
1101 3503 1357 3562 secutus
1401 3503 1532 3579 est,
1599 3520 1743 3563 cum
1790 3499 1951 3563 duas
1998 3500 2435 3572 narrationeS,
2482 3518 2644 3581 quas
2677 3497 2814 3561 Va-

497 3601 696 3665 lerius
755 3600 1076 3664 Maximus
1141 3620 1174 3663 e
1233 3600 1397 3664 Livii
1466 3601 1649 3665 libris
1711 3602 2029 3677 narravit,
2105 3600 2345 3665 eisdem
2403 3593 2536 3664 fere
2595 3599 2811 3665 verbis

499 3707 974 3769 commemorat.
1045 3702 1253 3780 Quam
1283 3723 1492 3766 meam
1537 3704 1923 3767 sentent-iam
1955 3707 2028 3766 ut
2058 3722 2273 3766 veram
2319 3707 2515 3784 atque
2559 3706 2808 3765 rectam

501 3807 962 3881 demonstrem,
1028 3805 1169 3887 ipsa
1213 3803 1437 3869 Dionis
1464 3804 1673 3869 Cassii
1719 3810 1785 3868 et
1827 3806 1935 3888 qui
1982 3825 2127 3868 eum
2173 3804 2541 3889 exscripsit,
2599 3803 2807 3868 Zona-

501 3929 613 3973 rae
658 3913 725 3972 et
769 3906 1010 3973 Valerii
1055 3906 1322 3971 Maximi
1366 3908 1560 3972 verba
1606 3906 1838 3971 attuli:

545 4158 548 4161 .
620 4075 686 4155 '1)
755 4086 807 4154 1,
849 4086 1076 4140 25—29.
1276 4083 1321 4151 2)
1394 4082 1480 4145 11,
1516 4086 1604 4137 21.
1798 4081 1844 4151 3)
1915 4083 2008 4151 IV,
2045 4086 2098 4136 s.
2274 4084 2318 4154 4)
2390 4086 2606 4156 xxm,
2649 4090 2734 4141 12.

508 4174 591 4228 15.
631 4176 712 4229 16.
750 4174 838 4226 ed.
873 4170 1129 4228 Dindorf.
1308 4170 1349 4241 5)
1424 4171 1458 4223 1.
1497 4169 1656 4225 XVII
1693 4170 1934 4237 perioch.
2112 4170 2156 4237 6)
2224 4188 2281 4239 p.
2322 4173 2389 4224 30
2448 4173 2531 4226 ed.
2567 4173 2738 4227 Jahn.

645 4263 696 4323 ’1)
767 4278 815 4316 c.
852 4260 970 4315 XL.
1180 4258 1227 4327 8)
1297 4257 1368 4313 fr.
1403 4260 1489 4327 43,
1531 4259 1601 4309 20
1638 4256 1723 4309 ed.
1759 4256 2011 4311 Dindorf.
2221 4256 2269 4326 9)
2338 4258 2419 4313 11.
2456 4262 2564 4316 21.-

647 4348 718 4419 ιο)
789 4348 953 4434 1v‚3
1169 4345 1243 4412 ιι)
1312 4345 1598 4415 V111,12.
