3088 5021
1534 351 1616 414 10

422 515 730 597 exponat,
804 515 880 577 ut
921 531 999 576 ex
1044 511 1217 576 omni
1273 515 1459 595 parte
1517 515 1731 577 certae
1777 516 1842 576 et
1886 510 2255 596 exploratae
2298 512 2523 581 haberi
2573 537 2719 601 pos-

422 615 589 694 sint3
663 613 765 679 his
809 613 978 680 enim
1020 611 1231 678 verbis
1276 613 1541 678 Peterus
1585 613 1746 678 mihi
1803 614 2073 680 eandem
2133 617 2516 691 sententiam
2569 641 2718 703 pro-

419 737 657 801 ponere
715 716 971 782 videtur
1037 735 1229 799 quam
1260 764 1276 794 ,
1374 736 1518 782 cum
1586 714 1886 799 Polybius
1945 716 2024 781 de
2086 716 2285 783 Fabio
2345 725 2411 784 et
2465 721 2716 786 Philino

420 819 793 903 protulerit,
867 818 1098 882 falsam
1155 823 1348 900 atque
1397 818 1590 883 nimis
1631 817 1926 883 acerbam
1975 839 2112 884 esse
2156 821 2488 887 contendit
2532 823 2714 889 Pete·

420 941 549 988 rus.
694 920 859 1000 Quid
890 921 922 985 ‘?
986 941 1126 984 cum
1175 932 1393 984 omnes
1438 924 1685 984 veteres
1729 921 2073 1005 script-ores
2115 922 2389 987 eundem
2436 945 2718 990 errorem

417 1022 887 1100 commiserint,
949 1043 1077 1088 non
1121 1022 1271 1087 licet
1314 1021 1579 1104 singulis
1623 1022 2040 1106 scriptoribus
2069 1045 2215 1090 eum
2245 1025 2499 1091 crimini
2530 1028 2714 1092 dari?

588 1158 663 1222 In
706 1157 875 1223 bello
906 1158 1146 1224 Punico
1191 1156 1398 1242 primo
1443 1157 1807 1223 enarrando
1835 1158 2153 1241 PolybiuS‚
2199 1165 2273 1224 ut
2314 1181 2510 1246 supra
2552 1162 2715 1228 dixi-

415 1281 592 1342 mus,
662 1261 931 1324 Fabium
976 1261 1293 1325 Pictorem
1337 1266 1403 1324 et
1448 1260 1770 1325 Philinum
1829 1260 2040 1326 fontes
2084 1261 2311 1327 habuit
2368 1270 2563 1347 atque
2608 1285 2712 1329 eo·

414 1384 557 1429 rum
617 1359 1022 1428 narrationes
1081 1368 1215 1428 tam
1277 1367 1416 1427 arte
1474 1363 1940 1429 contaminavit
1999 1368 2072 1429 ut
2117 1366 2531 1431 commissura
2573 1367 2711 1432 ulla

413 1466 519 1531 vix
563 1465 855 1548 cognosci
901 1465 1136 1550 possit,
1191 1464 1315 1529 nisi
1361 1463 1629 1529 Diodori
1673 1464 1869 1530 Siculi
1915 1466 2155 1550 scripta
2199 1472 2471 1534 exstent.
2562 1468 2711 1533 Dio-

414 1568 607 1634 dorus
650 1568 822 1632 enim
866 1568 930 1631 in
976 1567 1144 1632 bello
1175 1566 1415 1631 Punico
1455 1565 1668 1651 'primo
1705 1568 2070 1632 enarrando
2117 1568 2372 1634 eosdem
2414 1576 2709 1636 auctores

412 1670 706 1736 adhibuit
748 1675 943 1752 atque
986 1669 1315 1753 Polybius,
1358 1668 1466 1732 hic
1510 1675 1755 1745 autem,
1802 1671 1909 1754 qui
1956 1691 1995 1735 a
2042 1671 2476 1737 Romanorum
2519 1679 2707 1756 parte

412 1774 655 1851 stabat,
702 1771 906 1854 magis
952 1770 1219 1835 Fabium
1265 1771 1655 1854 sequebatur
1680 1821 1695 1851 ,
1739 1772 1847 1837 ille
1889 1772 2134 1838 Siculos
2178 1775 2521 1857 scriptores
2565 1775 2709 1859 plu-

408 1876 498 1941 ris
552 1875 898 1941 aestimans
940 1872 1262 1938 Philinum
1312 1873 1799 1958 Agrigentinum
1834 1862 2157 1960 'optimum
2200 1896 2336 1941 esse
2381 1882 2708 1942 auctorem

409 1977 683 2063 putabat
729 1982 799 2056 ¹).
932 1975 1206 2054 Quidam
1262 1975 1553 2040 homines
1608 1976 1780 2040 docti
1841 1976 2278 2056 affirmarunt,
2358 1978 2702 2045 Diodorum

410 2078 1033 2163 Carthaginiensium
1080 2082 1299 2162 partes
1344 2078 1709 2163 amplexum
1755 2098 1889 2143 esse
1915 2129 1930 2159 ,
2005 2081 2161 2144 mihi
2207 2087 2421 2146 autem
2473 2083 2703 2161 Diodo-

407 2204 516 2248 rus
574 2183 713 2267 ipse
769 2179 904 2245 sine
962 2179 1060 2244 ira
1118 2186 1182 2245 et
1243 2180 1455 2245 studio
1511 2201 1617 2245 res
1661 2201 1959 2246 narrasse
2006 2183 2288 2263 videtur,
2362 2205 2506 2248 cum
2552 2185 2704 2249 scri-

406 2290 682 2370 ptorem,
756 2304 944 2366 quem
1001 2282 1069 2346 111
1115 2282 1381 2366 singulis
1439 2282 1746 2348 historiae
1791 2277 2081 2367 partibus
2123 2291 2377 2350 secutus
2419 2291 2544 2367 est,
2617 2289 2700 2355 ad

407 2386 670 2451 verbum
732 2386 1106 2473 plerumque
1153 2386 1599 2469 exscripserit,
1672 2385 1932 2469 eiusque
1978 2388 2330 2452 sententias
2373 2385 2705 2473 tamquam

405 2509 553 2555 suas
609 2487 969 2574 protulerit.
1089 2487 1166 2551 In
1208 2486 1480 2554 historia
1525 2487 1863 2555 scribenda
1912 2488 2226 2555 Diodorus
2270 2489 2365 2556 ita
2406 2499 2700 2558 versatus

404 2597 519 2670 est,
564 2597 637 2656 ut
680 2590 735 2655 si
776 2595 992 2674 posset
1036 2591 1100 2653 in
1149 2590 1455 2674 cuiusque
1500 2592 1725 2675 populi
1770 2591 2038 2657 historia
2081 2593 2517 2659 narrationem
2566 2596 2702 2660 eius

402 2694 762 2778 scriptoris,
837 2713 1028 2775 quem
1071 2698 1396 2758 auctorem
1441 2693 1563 2759 sibi
1609 2694 1935 2776 delegerat
1995 2701 2111 2760 aut
2152 2695 2235 2760 ad
2277 2696 2541 2763 verbum
2587 2697 2695 2762 de-

400 2796 707 2862 scriberet
738 2796 795 2874 2)
822 2843 839 2871 ,
910 2800 1025 2859 aut
1067 2800 1407 2860 coartaret.
1497 2796 1571 2860 In
1618 2796 1837 2876 rebus,
1896 2818 2062 2880 quae
2105 2796 2172 2861 in
2217 2796 2437 2863 Sicilia
2479 2806 2696 2884 gestae

401 2906 582 2976 sunt,
655 2896 1036 2961 enarrandis
1090 2897 1342 2981 patriae
1399 2917 1582 2962 amor
1626 2919 1772 2962 eum
1816 2900 2216 2984 potissimum
2261 2901 2560 2968 incitasse
2606 2907 2698 2969 vi-

399 3001 588 3067 detur
640 3005 715 3064 ut
767 2997 1110 3083 populares
1166 2999 1507 3082 scriptores
1552 3000 1923 3078 adhiberet,
1996 3001 2216 3085 itaque
2264 3003 2413 3069 belli
2460 3006 2690 3073 Punici

397 3104 591 3189 primi
634 3102 968 3166 historiam
1014 3104 1219 3165 totam
1265 3100 1398 3165 fere
1443 3121 1478 3166 e
1512 3102 1750 3166 Philini
1792 3102 1955 3167 libro
1999 3103 2335 3191 hausit3);
2393 3109 2502 3174 sed
2548 3130 2690 3175 cum

396 3227 498 3271 res
541 3206 893 3282 Romanas,
940 3223 1104 3286 quae
1151 3195 1302 3268 ante
1342 3203 1462 3267 hoc
1507 3204 1743 3269 bellum
1790 3210 2005 3288 gestae
2050 3213 2231 3286 811111,
2297 3209 2431 3275 fere
2475 3232 2695 3278 omnes

397 3329 475 3373 ex
520 3327 646 3371 uno
692 3306 889 3371 Fabio
929 3306 1177 3370 Pictore
1235 3305 1659 3389 desumpserit
1691 3310 1786 3385 4),
1861 3329 2006 3373 eum
2062 3308 2130 3371 in
2187 3307 2380 3376 huius
2438 3334 2690 3398 quoque

537 3463 578 3532 l)
650 3462 751 3516 cfr.
786 3458 1092 3514 Collmanni
1127 3459 1257 3513 diss.
1296 3459 1366 3513 de
1402 3461 1634 3516 Diodori
1668 3462 1839 3517 Siculi
1874 3460 2137 3516 fontibus.
2179 3465 2334 3519 1869.
2385 3482 2436 3534 p.
2467 3468 2552 3520 63.
2613 3509 2623 3521 ,

534 3550 580 3619 2)
654 3548 755 3604 cfr.
794 3549 849 3603 G.
885 3547 1086 3616 Heynii
1132 3550 1424 3602 comment.
1461 3548 1531 3601 de
1579 3547 1825 3602 fontibus
1876 3554 1933 3604 et
1972 3551 2287 3605 auctoribus
2336 3552 2692 3608 historiarum

393 3637 622 3693 Diodori
659 3638 716 3689 in
752 3638 1044 3689 comment.
1082 3651 1192 3689 soc.
1229 3634 1477 3705 Gotting.
1512 3652 1560 3688 a.
1604 3638 1755 3691 1782.
1794 3655 1847 3706 p.
1868 3640 1937 3693 89
1976 3641 2033 3693 et
2065 3639 2134 3692 H.
2172 3639 2384 3694 Nissen-
2409 3641 2691 3696 Kritische

392 3724 888 3792 Untersuchungen
922 3722 1059 3776 iiber
1096 3722 1186 3775 die
1222 3726 1273 3776 4.
1311 3741 1366 3776 u.
1403 3725 1451 3777 5.
1488 3723 1712 3778 Decade
1745 3724 1842 3779 des
1878 3726 2080 3780 Livius.
2121 3729 2272 3792 1863,
2309 3746 2364 3797 p.
2396 3732 2481 3782 40.

532 3812 576 3880 ³)
647 3811 733 3867 bis
781 3811 853 3865 ad
886 3809 1095 3864 Philini
1143 3810 1532 3864 auctoritatem
1578 3816 1843 3880 provocat
1877 3812 2148 3869 Diodorus
2186 3815 2396 3885 XXIII,
2433 3818 2497 3885 8,
2540 3819 2572 3869 7
2633 3819 2691 3869 et

390 3902 590 3968 XXIV,
631 3901 712 3967 11,
754 3900 817 3966 1;
867 3898 1035 3952 tertio
1079 3915 1297 3967 quoque
1341 3899 1465 3952 loco
1502 3899 1714 3966 XXIII,
1767 3905 1849 3969 17,
1904 3918 2012 3970 quo
2046 3900 2304 3956 librarius
2341 3902 2566 3971 quidam
2605 3919 2686 3957 er·

391 4004 516 4043 rore
553 3990 747 4057 captus
787 3988 1049 4045 Φίλιστος
1095 3987 1342 4055 scripsit,
1401 3985 1649 4040 homines
1685 3988 1835 4042 docti
1878 3992 2030 4042 recte
2078 3987 2426 4043 affirmarunt
2448 4031 2462 4058 ,
2522 3990 2689 4044 Phili-

387 4093 522 4130 num
572 4091 605 4128 a
638 4073 880 4128 Diodoro
915 4090 1035 4128 esse
1081 4073 1454 4142 nominatum3
1517 4078 1577 4127 at
1621 4075 1726 4129 hoc
1768 4076 1891 4130 loco
1926 4075 2226 4132 Philinium
2260 4094 2370 4132 non
2404 4082 2686 4147 tamquam

388 4163 599 4218 fontem
635 4159 938 4229 appellavit
971 4160 1256 4216 Diodorus.
1324 4161 1424 4216 cfr.
1462 4161 1635 4216 Cauer
1671 4164 1741 4218 de
1776 4162 1911 4218 font.
1947 4163 2152 4234 Agesil.
2190 4181 2244 4233 p.
2270 4166 2355 4218 42.

527 4249 574 4319 4)
647 4247 747 4303 cfr.
781 4246 1076 4302 Niebuhrii
1109 4248 1238 4305 hist.
1272 4249 1429 4303 Rom.
1465 4249 1536 4320 Π,
1565 4253 1684 4306 192.
1754 4250 1853 4305 Τ11.
1892 4251 2217 4306 Mommseni
2252 4252 2408 4307 Rom.
2434 4252 2688 4307 Chronol.

394 4336 548 4392 1869.
587 4352 641 4406 p.
673 4335 790 4393 125.
862 4335 1148 4390 Collmann
1181 4336 1221 4393 1.
1255 4336 1295 4391 1.
1330 4354 1385 4407 p.
1410 4341 1499 4393 26.
