3088 5021
1532 315 1613 378 14

421 478 767 544 Praeterea
809 472 1057 542 Plinius
1100 476 1472 562 scriptume,
1538 497 1698 561 quos
1744 475 1811 542 in
1856 496 2088 561 corpus
2132 475 2456 561 quoddam
2498 475 2724 542 redac-

422 585 523 647 tos
559 582 612 666 ¹)
656 580 916 659 habuit,
976 600 1050 646 eo
1093 580 1232 665 ipso
1276 599 1404 663 quo
1441 577 1687 643 invenit
1727 579 1980 659 ordine,
2047 578 2115 644 in
2159 578 2405 645 indices
2445 578 2719 657 rettulit,

419 682 603 749 nulla
647 681 872 748 habita
914 683 1163 748 ratione
1180 732 1205 761 ,
1269 702 1395 765 quo
1441 680 1665 748 ordine
1724 681 1859 765 ipse
1905 681 1973 746 in
2014 680 2195 746 libris
2239 681 2723 747 conscribendis

420 805 530 851 eos
570 790 827 850 secutus
869 783 972 849 sit.
1002 862 1005 866 ,
1921 852 1928 859 ,

324 966 329 971 .
592 886 836 951 Eadem
890 886 1140 952 ratione
1194 905 1324 969 qua
1365 884 1662 952 Valerius
1704 885 2025 950 Maximus
2076 886 2271 951 etiam
2324 885 2557 953 Sextus
2616 886 2721 951 Iu-

419 987 548 1054 lius
590 988 937 1054 Frontinus
996 987 1283 1073 priorum
1338 988 1721 1072 scriptorum
1777 987 1959 1053 libris
1999 1008 2153 1053 usus
2199 992 2338 1066 est,
2386 988 2514 1054 ·hic
2556 987 2722 1053 nihil

421 1090 546 1157 nisi
617 1095 1108 1176 strategemata,
1195 1089 1308 1155 ille
1380 1088 1562 1155 facta
1626 1094 1692 1155 et
1757 1091 1932 1156 dicta
1994 1089 2439 1156 memorabilia
2506 1090 2716 1173 elegit.

420 1191 896 1277 Strategemata
912 1244 927 1273 ,
1003 1213 1168 1277 quae
1212 1192 1544 1270 dicuntur,
1628 1213 1696 1256 se
1753 1214 1898 1258 eam
1953 1192 2034 1258 ob
2080 1212 2337 1258 causam
2391 1192 2719 1277 collegisse

418 1295 576 1362 dicit
628 1296 974 1362 Frontinus
1001 1297 1056 1375 2)
1117 1314 1198 1358 ne
1220 1279 1250 1373 ,⁸
1312 1294 1423 1378 qui
1479 1293 1670 1360 rebus
1729 1295 2024 1379 occupati
2088 1296 2249 1375 sint,
2324 1295 2595 1378 singulis
2648 1300 2716 1360 et

414 1399 657 1483 sparsis
742 1419 859 1483 per
927 1399 1336 1463 innumerum
1404 1417 1639 1482 corpus
1723 1397 2169 1463 historicorum
2258 1397 2719 1482 persequendis

416 1501 727 1585 exemplis
805 1506 1058 1584 tempus
1135 1503 1470 1576 tererent;
1582 1499 1698 1565 sed
1761 1520 1889 1564 non
1957 1499 2174 1565 omnia
2212 1548 2228 1579 ‚
2302 1520 2466 1584 quae
2536 1505 2716 1564 utra·

414 1624 542 1688 que
584 1604 804 1688 lingua
854 1600 1102 1668 tradita
1146 1600 1308 1680 sint,
1387 1621 1455 1667 se
1499 1602 1950 1687 conscripsisse
1993 1601 2320 1687 exempla,
2394 1622 2558 1686 quae
2602 1622 2715 1667 au·

415 1710 547 1772 tem
593 1705 1056 1784 transmiserit,
1133 1702 1321 1768 facile
1368 1703 1484 1769 sub
1529 1725 1647 1769 sua
1688 1724 1980 1789 quaeque
2023 1705 2231 1788 specie
2274 1703 2528 1787 subgeri
2571 1725 2715 1789 pos-

414 1827 523 1889 se;
568 1827 699 1893 qua
727 1806 1129 1873 concessione
1171 1810 1397 1891 postea
1438 1805 1932 1892 interpolatores
1976 1812 2110 1872 tam
2149 1807 2370 1873 sedulo
2401 1808 2499 1873 usi
2545 1812 2715 1889 sunt,

415 1915 490 1976 ut
532 1931 661 1975 non
705 1909 910 1975 solum
954 1909 1024 1973 in
1067 1914 1198 1974 tres
1241 1907 1386 1974 illos
1438 1928 1478 1973 a
1523 1908 1836 1976 Frontino
1879 1910 2273 1995 conscriptos
2319 1908 2516 1976 libros
2570 1931 2713 1995 per-

414 2011 622 2077 multa
663 2012 959 2097 exempla
999 2011 1417 2091 inseruerint,
1479 2011 1594 2077 sed
1639 2012 1834 2076 etiam
1880 2018 2183 2096 quartum
2224 2018 2434 2078 totum
2477 2012 2711 2078 librum

417 2114 786 2181 addiderint
813 2166 832 2196 ‚
903 2135 1098 2203 quam
1161 2113 1371 2198 operis
1423 2113 1827 2178 Frontiniani
1883 2114 2405 2200 depravationem
2451 2113 2711 2180 Curtius

414 2217 834 2284 Wachsmuth
854 2264 874 2297 ,
918 2219 1015 2282 vir
1058 2215 1528 2282 illustrissimus
1572 2215 1811 2300 optime
1857 2216 2320 2283 demonstravit
2344 2220 2424 2298 3).
2513 2218 2713 2284 Fron-

399 2320 590 2399 tinus
631 2320 769 2405 ipse
812 2319 1069 2405 quidem
1129 2317 1305 2383 haud
1361 2320 1579 2402 inepte
1634 2324 1751 2383 aut
1806 2316 2033 2384 leriter
2075 2322 2479 2386 narrationes
2521 2321 2711 2386 colle-

413 2423 510 2508 git
553 2427 748 2507 atque
792 2422 1084 2506 digessit,
1127 2421 1626 2507 interpolatores
1668 2427 1883 2486 autem
1929 2442 2119 2507 saepe
2164 2423 2451 2488 ordinem
2494 2424 2714 2490 confu-

414 2525 651 2592 derunt
672 2576 691 2606 ‚
758 2546 966 2610 neque
1010 2524 1216 2591 solum
1259 2546 1294 2592 e
1338 2525 1520 2591 Livio
1546 2575 1562 2606 ,
1636 2545 1825 2609 quem
1872 2525 2217 2592 Frontinus
2258 2505 2418 2611 ipse*
2436 2526 2711 2614 plerum-

410 2648 538 2713 que
581 2632 837 2710 secutus
880 2633 1008 2707 est,
1065 2627 1179 2695 sed
1220 2629 1416 2695 etiam
1460 2649 1494 2694 e
1536 2626 1796 2695 Valerio
1842 2627 2122 2693 Maximo
2168 2628 2375 2695 multa
2417 2630 2711 2715 exempla

411 2728 820 2797 addiderunt.

536 2819 545 2826 ’
581 2832 644 2900 S.
689 2831 892 2898 Iulius
933 2831 1283 2901 Frontinus
1341 2832 1503 2898 nihil
1550 2831 1674 2922 nisi
1732 2837 2196 2916 strategemata
2239 2832 2527 2925 collegit,
2600 2836 2709 2901 Iu-

411 2935 535 3001 lius
577 2935 805 3002 Florus
849 2936 1067 3002 omnia
1106 2935 1306 3015 bella,
1375 2956 1540 3021 quae
1585 2935 1805 3000 Livius
1851 2956 1892 3001 a
1933 2935 2241 3002 Romanis
2284 2942 2467 3021 gesta
2509 2938 2709 3003 tradi-

411 3038 511 3104 dit
531 3088 547 3118 ,
619 3038 687 3103 in
744 3037 994 3105 duobus
1050 3039 1230 3105 libris
1287 3038 1592 3104 narravit.
1659 3102 1665 3108 ,
1711 3037 1838 3105 Sed
1882 3060 2027 3105 cum
2073 3038 2195 3104 sibi
2246 3029 2700 3123 proposuisset,

410 3146 488 3207 ut
538 3141 607 3205 in
661 3141 839 3207 brevi
894 3141 1080 3226 quasi
1134 3141 1377 3207 tabella
1430 3142 1797 3206 universam
1856 3140 2079 3226 populi
2133 3140 2411 3206 Romani
2463 3143 2705 3238 magni-

409 3243 701 3310 tudinem
730 3243 1095 3310 ostenderet
1115 3246 1192 3328 4),
1238 3243 1523 3328 singulas
1555 3247 1811 3308 tantum
1841 3263 1943 3309 res
1983 3248 2097 3308 aut
2127 3243 2209 3309 ab
2255 3245 2428 3309 omni
2470 3245 2706 3330 populo

409 3345 701 3412 Romano
744 3347 1074 3430 praeclare
1118 3353 1333 3431 gestas
1379 3367 1414 3411 e
1457 3346 1640 3412 Livio
1685 3345 1900 3411 hausit
1943 3350 2139 3429 atque
2184 3366 2296 3411 ore
2338 3367 2575 3431 magna
2608 3368 2705 3413 so-

274 3471 282 3476 ·
409 3453 605 3513 nante
661 3447 1074 3531 praedicavit.
1194 3448 1460 3534 Semper
1504 3447 1809 3519 victorias
1861 3447 2345 3533 triumphosque
2388 3449 2705 3516 Romano·

407 3571 553 3616 rum
594 3550 882 3630 rettulit,
946 3550 1161 3617 clades
1206 3572 1425 3617 eornm
1469 3571 1595 3615 non
1643 3549 2165 3616 commemoravit
2205 3550 2327 3614 nisi
2372 3571 2453 3615 ex
2496 3550 2588 3617 eis
2627 3572 2704 3617 eo

407 3643 805 3738 praeclarius
848 3653 1107 3728 emersit
1150 3659 1345 3737 atque
1389 3653 1592 3717 eluxit
1638 3653 1842 3718 virtus
1883 3652 2196 3718 Romana.
2284 3652 2409 3719 Ubi
2465 3653 2702 3732 L'iviuS,

407 3775 599 3839 quem
656 3775 785 3819 non
830 3775 1026 3820 unum
1071 3756 1329 3839 quidem
1347 3806 1364 3837 ,
1439 3760 1662 3821 tamen
1720 3754 2103 3839 primarium
2155 3754 2398 3821 fontem
2456 3755 2703 3836 habuit,

406 3856 487 3924 de
530 3856 755 3922 eadem
798 3876 869 3923 re
912 3857 1217 3923 diversas*
1257 3858 1593 3943 proposuit
1633 3859 2070 3939 narrationes,
2146 3857 2374 3923 Florus
2418 3878 2560 3924 eam
2604 3879 2704 3924 so·

406 3959 539 4024 lam
583 3958 888 4039 tradidit,
931 3979 1097 4043 quae
1141 3960 1575 4025 Romanorum
1620 3961 1864 4045 gloriae
1906 3961 2166 4027 minime
2208 3959 2453 4041 offecit;
2512 3981 2703 4055 saepe

411 4100 464 4108 0-

547 4202 590 4271 1)
663 4201 764 4256 cfr.
798 4200 967 4255 Plinii
1000 4199 1175 4270 praef.
1223 4201 1272 4273 ξ.
1314 4205 1396 4257 17.
1597 4204 1642 4272 2)
1714 4204 1818 4260 cfr.
1851 4204 2107 4259 Frontini
2140 4203 2375 4273 praefat.

544 4289 591 4359 3)
662 4290 723 4343 in
756 4288 931 4343 musei
964 4288 1217 4345 Rhenani
1250 4290 1357 4347 vol.
1394 4289 1514 4360 XV,
1550 4306 1603 4360 p.
1631 4293 1699 4346 57
1702 4295 1752 4347 4.
1915 4291 1960 4359 4)
2033 4290 2102 4346 cf.
2138 4290 2293 4346 Flori
2326 4290 2559 4361 praefat.
