3088 5021
1456 336 1537 396 47

350 490 466 554 das
496 490 806 555 *tenebras
849 513 985 558 esse
1029 493 1318 559 clausum
1361 515 1437 558 ac
1482 493 1591 559 diu
1649 498 1795 578 post
1849 493 1956 559 ubi
2017 494 2110 558 sol
2162 493 2645 559 ardentissimus

348 600 517 657 esset·
560 593 765 673 visus,
845 600 1106 680 repente
1151 596 1446 660 eductum
1495 616 1631 660 esse
1675 600 1743 660 et
1785 585 2295 661 adversus‘ictus
2342 595 2492 661 solis
2535 618 2646 681 op·

348 696 628 780 positum
672 703 866 780 atque
911 698 1243 763 intendere
1287 701 1354 762 in
1399 698 1647 762 caelum
1679 699 1896 763 oculos
1940 704 2229 762 coactum
2275 718 2442 770 esse:
2507 700 2643 782 pal·

320 796 579 882 'pebras
623 820 876 883 quoque
921 801 1057 864 eius
1102 821 1181 865 ne
1227 798 1565 866 connivere
1610 808 1857 885 posset,
1932 821 2182 864 sursum
2225 820 2303 864 ac
2347 800 2644 867 deorsum

350 901 644 965 diductas
688 903 935 966 insutas
981 922 1150 981 esse;
1225 902 1585 967 Tuditanus
1628 908 1844 966 autem
1893 923 2111 967 somno
2159 902 2271 967 diu
2317 902 2642 986 prohibito

348 1003 663 1086 Regulum
707 1022 843 1069 esse
890 1011 1188 1068 necatum
1232 1004 1527 1069 affirmat.
1595 1005 1798 1083 'Quae
1829 1004 2183 1069 Tuberonis
2229 1010 2294 1068 et
2336 1004 2640 1070 Tuditani

346 1107 750 1171 narrationes
793 1106 846 1170 si
891 1126 1335 1189 comparamus
1380 1128 1522 1170 cum
1570 1108 1798 1171 ceteris
1824 1156 1839 1186 ,
1913 1108 2069 1170 satis
2129 1127 2438 1190 apparere
2483 1108 2642 1173 mihi

345 1209 632 1289 videtur,
680 1210 1047 1273 Ciceronem
1094 1229 1350 1291 prorsus
1394 1208 1728 1273 concinere
1772 1230 1914 1272 cum
1962 1208 2315 1286 Tuditano,
2355 1195 2417 1273 'a
2460 1210 2639 1274 Livio

342 1317 559 1375 autem
602 1303 909 1376 Tuditani
953 1317 1020 1374 et
1060 1310 1413 1376 Tuberonis
1471 1313 1875 1383 narrationes
1934 1312 2307 1377 coniunctas
2363 1311 2639 1377 traditas

342 1434 497 1479 esse.
1725 1479 1730 1484 .

513 1517 720 1580 Etiam
773 1515 1088 1580 Diodorus
1131 1514 1435 1579 Tuditani
1492 1521 1559 1579 et
1601 1515 1955 1581 Tuberonis
2001 1514 2403 1578 narrationes
2437 1516 2633 1579 nosse

337 1618 622 1698 videtur,
688 1637 831 1682 cum
878 1618 1111 1682 Tzetza
1155 1623 1317 1682 teste
1355 1622 1449 1696 1),
1517 1617 1861 1683 tradiderit
1910 1617 2224 1700 Regulum
2281 1616 2515 1699 vigiliis
2572 1625 2638 1682 et

340 1725 514 1784 metu
559 1741 695 1784 esse
743 1725 1038 1784 necatum
1062 1769 1081 1799 ,
1145 1720 1473 1804 palpebris
1518 1720 1686 1784 enim
1748 1719 2010 1784 resectis
2068 1740 2109 1783 a
2153 1718 2383 1785 Poenis
2435 1718 2638 1784 inclu-

337 1840 480 1886 sum
525 1842 662 1885 esse
707 1843 854 1886 eum
912 1843 1056 1886 cum
1120 1823 1254 1888 fero
1298 1823 1641 1906 elephanto
1697 1822 1762 1886 in
1821 1828 2277 1905 perangustum
2339 1821 2638 1887 taberna-

337 1923 578 2003 culum,
637 1924 747 1988 sed
792 1945 918 2007 quo
962 1946 1041 1988 ex
1085 1924 1263 1989 fonte
1303 1924 1537 1989 hausta
1574 1924 1666 1987 *sit
1709 1924 1868 1988 haec
1911 1922 2200 1986 narratio
2244 1923 2490 1987 nescire
2533 1945 2636 1999 ,me

337 2024 673 2105 confiteor,
738 2047 880 2090 cum
930 2027 1032 2090 vix
1078 2025 1458 2092 crediderim
1508 2047 1549 2090 a
1595 2025 1845 2090 Philino
1890 2024 2049 2089 talia
2095 2024 2174 2088 de
2220 2024 2447 2089 Poenis
2491 2046 2629 2091 esse

334 2127 614 2204 tradita;
689 2128 925 2192 Fabius
983 2135 1199 2194 autem
1257 2130 1392 2194 eius
1448 2136 1672 2192 auctor
1726 2148 1866 2191 eam
1916 2127 1994 2190 ob
2042 2146 2301 2190 causam
2348 2129 2453 2191 vix
2498 2147 2635 2192 esse

333 2235 578 2313 potest,
638 2230 808 2313 quod
854 2230 1185 2313 Polybius,
1245 2230 1355 2313 qui
1398 2224 1709 2314 utsupra
1753 2229 2372 2308 demonstravimuS,
2430 2249 2470 2293 a
2507 2229 2635 2295 Fa·

335 2331 449 2397 bio'
486 2332 695 2396 varias
737 2331 834 2396 de
873 2332 1247 2416 Xanthippo
1308 2332 1713 2395 narrationes
1775 2330 2052 2394 traditas
2110 2351 2246 2395 esse
2305 2329 2501 2407 dixit,
2579 2333 2634 2397 si

319 2434 574 2501 ,Fabius
615 2434 735 2498 hoc
778 2433 917 2499 loco
963 2434 1191 2519 Reguli
1237 2436 1485 2498 tristem
1529 2440 1801 2498 mortem
1845 2441 2434 2513 commemorasset,
2500 2453 2627 2497 non

337 2558 596 2621 prorsus
650 2558 728 2601 ea
769 2537 848 2602 de
890 2558 974 2601 ⁴re
1028 2537 1352 2602 tacuisset.
1463 2538 1745 2602 Zonaras
1779 2539 1833 2614 2)
1884 2538 2245 2601 Poenorum
2287 2534 2629 2601 crudelita-

336 2645 467 2703 tem
512 2638 782 2704 efferens
825 2639 1044 2703 addit:
1119 2628 1161 2703 ἃ
1208 2633 1584 2722 πυθόμενοι
1640 2633 1704 2703 οἱ
1753 2632 2062 2720 Ῥωμαῖοι
2117 2632 2271 2714 τοὺς
2323 2633 2628 2723 πρώτους

323 2744 467 2804 τῶν
516 2734 686 2828 παρ>
728 2736 952 2819 αὐτοῖς
1007 2735 1432 2823 αἰχμαλώτων
1484 2740 1861 2828 παρέδοσαν
1917 2743 2061 2824 τρῖς
2121 2735 2366 2804 ἐκείνου
2423 2736 2626 2806 παισὶ

326 2839 447 2907 -καὶ
487 2836 1006 2909 ἅνταικίσασθαι
1046 2841 1157 2909 καὶ
1196 2837 1742 2909 ἀνταποκτεῖναι·
1808 2843 1980 2928 apud
2003 2842 2365 2908 —Diodorum
2381 2845 2440 2920 3)
2472 2864 2627 2926 quo-

336 2948 487 3029 que*
505 2947 662 3011 haec
703 2949 1043 3030 leguntur:
1117 2940 1157 3032 ἡ
1211 2943 1419 3034 μήτηρ
1466 2951 1606 3011 ,τῶν
1638 2942 2000 3013 6νεανίσκων
2041 2943 2293 3031 βαρέως
2334 2941 2625 3032 φέρουσα

333 3045 450 3135 τὴν
492 3044 563 3113 τ’
592 3042 829 3136 ἀνδρὸς
862 3044 1170 3136 «τελευτὴν
1214 3047 1325 3114 καὶ
1356 3046 1695 3132 -νομίσασα
1738 3044 1831 3114 δι’
1861 3042 2168 3130 ἀμέλειαν
2211 3039 2407 3111 αὐτὸν
2451 3043 2625 3111 ἐκλε-

324 3150 640 3217 λοιπέναι
679 3148 755 3217 τὸ
786 3151 911 3239 -ζῆν
953 3147 1179 3238 ἔπεισε
1208 3149 1362 3230 τοὺς
1386 3147 1569 3230 ὖιούς
1592 3154 1945 3233 κακουχεῖν
1975 3146 2128 3228 τοὺς
2156 3142 2621 3231 αἰχμαλώτους.

337 3293 418 3305 -—
478 3254 712 3319 Mirum
756 3261 885 3333 est,
939 3255 1122 3338 vquod
1168 3254 1485 3320 Diodorus
1529 3256 1651 3320 hoc
1695 3257 1835 3320 loco
1882 3252 2202 3318 crudelem
2247 3251 2471 3334 Reguli
2514 3272 2625 3316 ne-

333 3378 469 3421 cem
497 3379 642 3421 ‚non
687 3363 1177 3434 commemorat,
1251 3358 1360 3422 sed
1421 3347 1566 3422 eum
1626 3349 1721 3421 δι’
1767 3349 2074 3439 ἀμέλειαν
2118 3359 2440 3418 mortuum
2485 3373 2622 3418 esse

314 3459 521 3539 dicit,
558 3460 681 3524 sed
724 3460 883 3524 haec
928 3460 1364 3543 discrepantia
1406 3460 1680 3524 fortasse
1728 3457 1992 3523 Diodori
2036 3457 2299 3521 levitate
2342 3455 2623 3539 explica-

324 3567 470 3640 tur,
536 3561 646 3645 qui
671 3562 978 3626 diversos
1021 3567 1318 3627 auctores
1360 3567 1618 3626 secutus
1663 3582 1791 3625 non
1837 3559 2117 3636 curavit,
2183 3577 2263 3622 ne
2297 3578 2411 3621 res
2451 3557 2623 3622 inter

330 3684 398 3728 se
458 3666 814 3729 contrarias
872 3666 1178 3729 traderet.
1299 3665 1528 3748 Itaque
1578 3664 2012 3732 narrationem
2057 3661 2135 3725 de
2181 3660 2407 3743 Reguli
2465 3678 2621 3724 nece

330 3787 366 3831 e
410 3767 700 3832 Romano
726 3767 1021 3851 quodam
1065 3773 1329 3831 auctore
1351 3816 1366 3847 ,
1441 3766 1518 3829 de
1564 3765 1792 3849 Reguli
1854 3770 2057 3836 morte
2101 3763 2538 3827 narrationem
2583 3782 2620 3827 e

329 3868 583 3933 Philino
627 3869 919 3935 hausisse
964 3870 1217 3934 videtur
1265 3868 1597 3949 Diodorus,
1698 3866 1886 3931 Hanc
1931 3866 2196 3931 Diodori
2239 3865 2337 3928 vel
2383 3864 2619 3929 Philini

328 3973 765 4038 narrationem
835 3972 1266 4036 Mommsenus
1286 3974 1355 4051 4)
1410 3970 1740 4054 probavit,
1813 3976 2013 4054 atque
2069 3968 2299 4033 merito
2356 3972 2423 4033 et
2479 3968 2619 4033 iure

472 4216 515 4285 ι)
588 4215 719 4269 hist.
755 4220 803 4284 3,
841 4215 963 4269 356.
1039 4211 1139 4267 cfr.
1176 4213 1413 4267 Dindorf
1442 4213 1644 4276 xxm,
1684 4215 1769 4267 46.
1946 4212 1996 4277 2)
2065 4208 2337 4279 V111‚15.
2425 4239 2428 4242 Ἴ

465 4303 510 4373 ³)
582 4304 780 4373 XXIV,
819 4306 902 4359 12.
1079 4301 1124 4372 ⁴)
1195 4302 1351 4358 Rem.
1389 4301 1582 4358 cesch.
1617 4302 1688 4371 11,
1724 4301 1845 4355 530.
2289 4308 2296 4314 ·
