3088 5021
1506 342 1544 403 ’1

379 507 544 590 gulis
588 503 893 570 historiae
938 505 1268 572 Romanae
1311 506 1597 574 fontibus
1638 508 1978 575 iudicasse.
2110 500 2534 576 Niebuhrium
2577 532 2674 576 se·

379 609 508 673 cuti
541 614 691 672 sunt
724 607 999 672 Haltaus
1021 610 1074 692 1)
1121 614 1185 673 01
1214 609 1709 691 Broeckerus·2),
1755 612 1864 695 qui
1912 631 2302 696 quamquam
2344 613 2671 679 interdum

379 711 652 777 fontium
730 709 1182 774 auctoritatem
1243 711 1783 792 diiudicaverunt,
1860 719 2076 779 tamen
2121 715 2499 799 plerumque
2559 721 2676 781 aut

378 834 577 878 unum
610 811 939 896 Polybium
970 819 1086 877 aut
1110 814 1421 878 Zonaram
1453 816 1655 880 secuti
1705 822 1870 881 sunt.
1939 817 2384 883 Boetticherus
2414 820 2474 900 3)
2518 839 2670 901 quo-

377 937 534 1000 que,
601 935 993 999 quamquam
1038 915 1245 980 fontes
1288 936 1356 981 se
1400 916 1638 982 adiisse
1682 919 1818 1002 ipse
1861 919 2306 1002 praedicavit,
2355 920 2561 1003 magis
2604 920 2671 985 in

377 1018 751 1084 enarrandis
794 1018 986 1082 rebus
1045 1038 1084 1081 a
1130 1017 1773 1103 Carthaginiensibus
1817 1022 2047 1104 gestis,
2125 1040 2321 1106 quam
2365 1022 2435 1086 in
2479 1022 2672 1086 fonti-

377 1121 496 1186 bus
552 1119 998 1205 perquirendis
1059 1125 1123 1184 et
1183 1119 1608 1186 diiudicandis
1664 1128 1954 1188 versatus
2015 1128 2128 1188 est.
2246 1122 2455 1207 Magis
2488 1123 2672 1195 ‚mihi

377 1220 760 1308 profuerunt
821 1222 1228 1306 quaestiones
1261 1226 1352 1306 4),
1428 1207 1589 1306 quaTs
1651 1225 2008 1290 Michaelis·
2047 1225 2146 1289 de-
2191 1225 2360 1290 bello
2429 1225 2671 1290 Punico

332 1408 337 1413 1
373 1328 582 1411 primo
627 1325 1038 1409 conscripsit,
1107 1346 1252 1390 cum
1294 1325 1362 1388 in
1405 1326 1732 1408 prooemio
1776 1327 1847 1391 in
1891 1328 2261 1393 universum
2307 1327 2466 1392 satis
2507 1327 2676 1393 be'ne

380 1429 459 1493 de
522 1428 793 1492 fontium
849 1429 1234 1493 auctoritate
1300 1434 1495 1510 atque
1565 1428 1691 1494 fide
1752 1429 2194 1513 disputaverit.
2327 1430 2672 1496 Praeterea

378 1531 537 1628 mihi
590 1529 913 1603 laudanda
978 1535 1130 1594 sunt
1173 1529 1551 1595 Mommseni
1611 1536 1679 1596 et
1736 1533 1906 1598 Ihnii
1966 1533 2206 1617 scripta
2263 1533 2343 1597 de
2402 1531 2672 1597 historia

375 1634 698 1712 Romana,
774 1653 1043 1716 quorum
1100 1632 1208 1697 hic
1266 1633 1332 1695 111
1387 1635 1946 1716 annotationibus,
2021 1635 2132 1700 ille
2193 1635 2262 1699 in
2317 1655 2396 1699 ea
2459 1635 2671 1718 operis

376 1743 595 1822 parte,
666 1756 795 1820 qua
847 1735 927 1800 de
979 1734 1213 1799 litteris
1270 1735 1575 1800 Romanis
1632 1738 1794 1819 egit,
1869 1738 2108 1822 optime
2154 1738 2233 1802 de
2285 1736 2413 1802 fide
2470 1744 2667 1820 atque

374 1838 757 1905 auctoritate
802 1839 1186 1919 scriptorum
1215 1841 1502 1902 veterum
1533 1838 1991 1905 disseruerunt.
2061 1840 2349 1906 Aliorum
2396 1839 2667 1923 scripto-

377 1963 520 2007 rum
565 1949 791 2026 opera,
855 1940 1086 2024 quibus
1129 1960 1283 2004 usus
1327 1940 1475 2018 sim,
1542 1962 1657 2005 suo
1702 1942 1841 2007 loco
1884 1941 2198 2007 indicabo,
2289 1941 2416 2006 Sed
2462 1942 2666 2026 prius-

375 2065 567 2129 quam
611 2043 679 2107 in
722 2042 932 2126 ipsam
975 2042 1126 2107 belli
1169 2042 1393 2106 Punici
1436 2043 1630 2127 primi
1673 2044 2007 2109 historiam
2049 2044 2406 2128 inquiram,
2475 2050 2671 2126 atque

382 2147 812 2211 demonstrare
881 2145 1171 2210 studeam
1205 2195 1220 2223 ,
1312 2166 1390 2209 ex
1458 2146 1691 2228 quibus
1751 2145 2117 2211 auctoribus
2172 2147 2389 2211 omnia
2415 2196 2433 2225 ‚
2507 2165 2675 2229 quae

292 2324 295 2329 .
380 2248 458 2314 de
474 2248 636 2314 shoc
691 2247 859 2312 bello
916 2248 1160 2312 tradita
1219 2253 1402 2326 sunt,
1474 2248 1828 2331 pendeant,
1904 2268 2139 2332 operae
2206 2248 2493 2332 pretium
2539 2268 2675 2313 esse

378 2352 536 2416 mihi
609 2340 890 2428 videtur,
965 2347 1264 2414 ‘breviter
1334 2349 1692 2415 describere
1778 2351 2091 2415 rationem
2118 2401 2133 2430 ,
2220 2371 2352 2433 qua
2438 2350 2675 2432 singuli

378 2456 719 2539 scriptores
761 2458 1025 2532 veteres,
1072 2472 1345 2537 quorum
1389 2452 1796 2517 narrationes
1841 2453 1922 2519 de
1966 2453 2135 2519 bello
2181 2453 2422 2519 Punico
2465 2454 2677 2538 primo

381 2562 669 2622 servatae
715 2560 893 2633 sunt,
966 2555 1299 2620 historiam
1345 2556 1743 2621 conscribere
1802 2557 1975 2622 soliti
2022 2562 2206 2637 sunt,
2282 2557 2518 2641 quippe
2566 2556 2677 2639 qui

380 2659 731 2743 generatim
775 2656 1108 2743 scriptoris
1164 2658 1490 2741 ingenium
1548 2664 1742 2741 atque
1787 2658 2107 2723 scribendi
2154 2662 2471 2725 rationem
2516 2659 2687 2726 bene·

378 2763 803 2839 intellexerit,
875 2762 1068 2827 etiam
1130 2761 1415 2843 singulas
1456 2782 1599 2840 res,
1675 2782 1836 2844 quas
1893 2760 2005 2825 ille
2064 2760 2367 2842 tradidit,
2438 2763 2678 2827 rectius

388 2865 739 2930 diiudicare
782 2883 969 2947 posse
1011 2863 1168 2926 mihi
1212 2862 1483 2928 videtur.

551 2952 1046 3052 Antiquissimus
1107 2971 1331 3030 auctor
1362 3009 1395 3044 ,¹
1455 2966 1638 3030 cuius
1700 2966 1990 3031 narratio
2057 2966 2137 3032 de
2202 2965 2370 3031 bello
2436 2965 2678 3029 Punico

376 3070 583 3151 primo
629 3073 884 3132 servata
926 3073 1052 3147 est,
1130 3067 1429 3151 Polybius
1473 3072 1600 3146 est,
1676 3068 1895 3151 itaque
1951 3067 2033 3133 ab
2093 3068 2213 3134 hoc
2267 3068 2525 3132 initium
2585 3066 2681 3131 fa·-
2751 3129 2753 3131 ,

380 3170 563 3234 010111.
613 3207 694 3218 --
783 3169 878 3234 De
923 3168 1220 3249 consilio,
1280 3170 1450 3253 quod
1496 3170 1564 3234 in
1610 3170 2069 3236 conscribenda
2110 3170 2381 3236 historia
2424 3174 2680 3234 secutus

383 3273 469 3336 sit
511 3272 839 3355 Polybius,
896 3272 1032 3355 ipse
1077 3272 1238 3336 satis
1281 3272 1520 3337 diserte
1565 3271 1919 3356 disputavit
1949 3276 2049 3354 5);
2124 3293 2235 3337 eas
2277 3277 2529 3338 tantum
2575 3290 2680 3335 res

382 3379 594 3459 gestas
653 3393 919 3437 narrare
963 3374 1210 3453 voluit,
1278 3373 1510 3457 quibus
1567 3373 1839 3458 populus
1881 3374 2210 3440 Romanus
2253 3395 2507 3439 omnem
2553 3379 2680 3438 ter-

379 3495 599 3542 rarum
644 3476 862 3541 orbem
917 3477 1090 3541 intra
1135 3476 1603 3559 quinquaginta
1646 3482 1781 3542 tres
1840 3498 2043 3542 annos
2101 3480 2169 3541 111
2216 3478 2524 3542 ditionem
2581 3497 2681 3541 re-

378 3582 639 3665 degerit,
688 3581 797 3645 sed
845 3600 926 3645 ne
958 3579 1102 3662 quis
1143 3578 1410 3643 haereat
1440 3583 1570 3643 ‘aut
1613 3585 1902 3662 quaerat,
1950 3580 2181 3664 quibus
2224 3579 2486 3646 tandem
2530 3598 2680 3642 con-

379 3685 570 3762 siliis,
638 3682 870 3767 quibus
912 3682 1151 3746 viribus
1210 3683 1563 3766 opibusque
1628 3684 1927 3748 instructi
1983 3682 2258 3748 Romani
2315 3687 2553 3746 terram
2613 3685 2680 3745 et

381 3793 558 3850 mare
616 3785 920 3869 potestati
967 3804 1120 3849 suae
1165 3785 1554 3850 subiecerint
1576 3837 1591 3865 ,
1667 3784 1827 3850 duos
1871 3784 2069 3849 libros
2114 3784 2294 3869 operi
2336 3804 2451 3849 suo
2494 3802 2678 3866 prae-

523 3988 563 4058 l)
636 3984 967 4041 Geschichte
1003 3986 1099 4040 des
1132 3986 1424 4040 Zeitalters
1461 3986 1562 4040 der
1595 3982 1918 4054 punischen·
1938 3983 2142 4062 Kriege
2177 3984 2220 4038 Ι.
2263 3986 2430 4038 1846.Φ

518 4076 562 4145 2)
637 4072 964 4130 Geschichte
1004 4073 1100 4127 des
1137 4077 1322 4129 ersten
1356 4072 1660 4143 punischen
1696 4072 1943 4144 Krieges.
1985 4065 2154 4126 184&
2261 4069 2262 4074 ’

521 4163 564 4233 ³)
637 4160 964 4217 Geschichte
998 4162 1100 4216 der
1133 4161 1463 4232 Karthager.
1507 4163 1657 4216 1827.

521 4250 566 4320 4)
636 4249 879 4305 Traiecti
911 4250 983 4304 ad
1015 4249 1270 4304 Rhenum
1305 4248 1487 4305 editae
1521 4264 1647 4302 ann.
1682 4246 2102 4303 MDCCCXLVI.

521 4340 563 4402 5)
633 4339 670 4392 1.
705 4338 755 4408 1,
793 4339 841 4391 3.
913 4337 1020 4399 III,
1057 4338 1110 4391 2.
