3088 5021
1556 377 1646 443 422

461 539 656 604 dorus
693 542 745 617 ¹)
792 543 1041 617 autem,
1119 537 1443 603 Philinum
1489 543 1778 617 secutu8‚
1845 537 2276 602 Romanorum
2324 537 2583 603 navium
2626 536 2768 603 fra.-

459 646 709 706 ctarum
753 660 1090 706 numerum
1134 642 1324 706 nimis
1364 641 1794 724 exaggeravit.

634 744 728 807 De
781 744 972 808 rebus
1031 763 1196 826 quae
1251 742 1373 808 hoc
1427 764 1598 808 anno
1657 744 1724 806 in
1780 741 1999 807 Sicilia
2056 746 2276 822 gestae
2332 746 2511 820 sunt,
2587 762 2766 809 unus

460 845 780 910 Diodorus
811 848 864 922 2)
935 846 1101 929 egit,
1168 851 1364 929 atque
1437 844 1761 910 Philinum
1832 845 2182 928 inspexisse
2248 843 2531 923 videtur,
2606 866 2760 909 cum

459 947 643 1011 nihil·
682 948 804 1011 nisi
869 968 973 1024 res
1035 969 1075 1013 a
1123 947 1766 1031 Carthaginiensibus
1833 967 2136 1031 prospere
2202 952 2416 1029 gestas
2478 967 2760 1012 comme-

457 1055 680 1114 moret.
1719 1114 1730 1127 ,
2733 1102 2750 1107 ,

628 1153 751 1217 Res
805 1171 974 1216 anno
1018 1151 1533 1236 quingentesimo
1591 1171 1652 1216 a.
1695 1171 1758 1214 u.
1806 1170 1858 1215 c.
1916 1151 1983 1214 in
2029 1149 2254 1215 Sicilia
2308 1153 2521 1231 gestas
2555 1149 2755 1214 'idem

458 1253 779 1318 Diodorus
814 1257 900 1332 3),
974 1253 1298 1319 Philinum
1355 1260 1641 1329 secutus,
1679 1246 1783 1316 'et
1843 1253 2125 1316 Zonaras
2155 1254 2209 1334 4)
2269 1251 2758 1321 accuratissime

455 1357 756 1435 tradunt,
819 1355 1114 1440 Polybius
1146 1360 1207 1439 ⁵)
1249 1376 1359 1421 eas
1401 1355 1682 1420 breviter
1727 1360 1982 1419 tantum
2028 1354 2327 1437 attingit,
2387 1354 2609 1437 itaque
2655 1353 2757 1416 di-

454 1458 727 1523 iudicari
756 1457 1027 1542 nequit,
1093 1480 1221 1542 quo
1264 1479 1345 1522 ex
1389 1457 1566 1523 fonte
1611 1456 2091 1535 sua-hauserit3
2160 1456 2376 1523 omisit
2417 1456 2584 1521 enim
2630 1455 2756 1519 Po-

453 1560 689 1645 lybius,
735 1581 898 1645 quae
946 1560 1271 1631 Diodorus,
1305 1559 1615 1638 tradidit,
1676 1561 2064 1627 Panormum
2110 1577 2247 1622 esse
2290 1562 2754 1640 expugnatum,

452 1663 690 1732 multas
742 1684 937 1727 naves
988 1663 1232 1745 praeda
1285 1667 1553 1729 onustas
1599 1662 1869 1753 Romam
1924 1682 1959 1726 e
2003 1660 2224 1725 Sicilia
2282 1659 2630 1729 redeuntes
2706 1679 2751 1729 a

455 1764 1105 1848 Carthaginiensibus
1134 1785 1270 1828 esse
1314 1769 1578 1847 captas3
1654 1765 1764 1830 sed
1809 1785 1957 1829 cum
2003 1763 2361 1828 consentiat
2402 1776 2548 1826 cum
2592 1760 2754 1827 Oro.-

453 1870 547 1931 sio
581 1869 668 1943 ⁶),
743 1868 852 1951 qui
902 1859 1330 1932 Hamilcarem
1376 1866 1722 1931 crudeliter
1765 1867 1831 1931 in
1878 1864 2190 1930 Numidas
2249 1864 2526 1929 saevisse
2570 1863 2746 1942 dicit,

453 1969 637 2053 quod‘
682 1967 996 2051 Regulum
1052 1968 1359 2033 libentius
1417 1970 1871 2053 suscepissent,
1943 1974 2010 2033 et
2063 1988 2103 2032 a
2146 1967 2409 2051 Polybio
2453 1972 2519 2032 et
2559 1987 2603 2031 a
2646 1964 2768 2030 Li:

453 2072 555 2136 vio
604 2070 873 2135 Fabium
916 2070 1276 2137 adhibitum
1321 2092 1458 2135 esse
1503 2078 1679 2155 puto,
2661 2144 2670 2147 Δ

624 2174 919 2238 Proximo
978 2194 1150 2238 anno
1208 2174 1516 2252 Romani,
1590 2180 1665 2236 ut
1722 2171 2022 2255 Polybius
2054 2173 2110 2250 ⁷)
2167 2170 2408 2248 tradit,
2491 2169 2748 2234 Africae

451 2296 598 2342 oras
660 2275 1078 2354 infestarunt,
1147 2283 1219 2339 ut
1265 2275 1584 2340 Diodorus
1615 2277 1669 2353 8)
1728 2274 2045 2351 affirmat,
2119 2274 2313 2339 Poeni
2379 2293 2506 2344 non
2572 2272 2749 2356 passi

451 2384 603 2443 sunt
645 2378 964 2444 Romanos
1008 2377 1289 2442 Africam
1348 2377 1528 2442 adire
1553 2427 1568 2455 ,
1633 2384 1708 2443 ut
1752 2378 2100 2461 Eutropius
2130 2379 2187 2452 9)
2247 2381 2313 2440 et
2356 2374 2620 2441 Orosius
2659 2376 2746 2456 ¹⁰)

448 2485 720 2546 narrant
745 2531 759 2560 ‚
824 2479 1098 2545 Romani
1155 2481 1405 2564 aliquot
1467 2479 1658 2546 urbes
1712 2481 1781 2545 in
1828 2479 2044 2550 Africa
2101 2480 2264 2544 sitas
2312 2481 2623 2562 ceperunt
2677 2483 2744 2539 et

446 2584 772 2666 ingentem
814 2582 1125 2667 praedam
1168 2583 1584 2649 reduxerunt.
1673 2583 1794 2650 His
1837 2582 2314 2646 narrationibus
2355 2580 2742 2663 comparatis

449 2686 607 2750 satis
675 2693 969 2749 constare
1036 2685 1192 2750 mihi
1271 2685 1560 2764 videtur,
1636 2685 1990 2751 Diodorum
2046 2683 2328 2760 Philini,
2403 2680 2742 2764 Polybium

449 2787 664 2866 Fabii,
721 2787 1006 2866 Livium,
1074 2809 1263 2871 quem
1308 2788 1656 2870 Eutropius
1702 2792 1770 2851 et
1814 2786 2076 2852 Orosius
2117 2784 2320 2851 secuti
2363 2788 2550 2864 sunt,
2624 2781 2744 2847 aut

447 2875 632 2956 Fabii
674 2897 791 2953 aut
836 2889 1075 2966 Valerii
1120 2889 1400 2954 Antiatis
1441 2890 1623 2955 libris
1663 2911 1850 2954 usum
1894 2909 2048 2953 esse.

615 2993 833 3057 Etiam
878 2991 956 3055 de
1011 2992 1205 3057 tertio
1263 2992 1508 3056 decimo
1567 2991 1718 3056 belli
1772 3012 1941 3058 anno
1995 2994 2290 3055 auctores
2346 3008 2554 3072 pauca
2597 2992 2743 3052 tan-

447 3100 585 3161 tum
652 3094 997 3159 memoriae
1058 3095 1486 3174 mandarunt3
1563 3094 1644 3159 in
1704 3094 1993 3159 Zonarae
2059 3092 2221 3157 libro
2258 3097 2339 3171 11)
2402 3075 2739 3156 consulum

447 3198 710 3265 nomina
752 3200 1054 3279 corrupta
1099 3203 1279 3275 sunt,
1354 3216 1498 3260 cum
1546 3216 1623 3260 ex
1666 3195 1852 3262 fastis
1898 3194 2282 3280 Capitolinis
2322 3199 2571 3258 constet
2608 3213 2737 3258 non
2835 3213 2846 3220 ·

444 3300 745 3366 Publium
800 3298 1028 3362 Gaium
1087 3298 1413 3364 Aurelium
1470 3297 1811 3363 Servilium
1873 3299 1985 3362 sed
2041 3296 2337 3361 Publium
2396 3295 2739 3362 Servilium

447 3402 677 3467 Gaium
715 3399 1038 3464 Aurelium
1085 3421 1160 3466 eo
1209 3420 1380 3464 anno
1413 3399 1703 3464 consules
1732 3400 1946 3466 fuisse.
2035 3400 2249 3463 Etiam
2281 3398 2580 3482 Polybius
2610 3419 2744 3462 non

445 3504 605 3570 satis
650 3508 948 3567 accurate
993 3502 1071 3568 de
1115 3501 1305 3567 rebus
1329 3552 1343 3580 ,
1418 3522 1583 3585 quae
1628 3522 1799 3567 anno
1846 3522 1904 3566 a.
1951 3523 2014 3566 u.
2057 3522 2110 3564 c.
2159 3501 2249 3564 DI
2305 3507 2523 3584 gestae
2567 3504 2740 3579 sunt,

444 3605 834 3691 disputavit,
921 3606 1033 3669 sed
1096 3625 1233 3682 reS,
1322 3624 1486 3688 quae
1552 3624 1723 3667 anno
1789 3625 1846 3667 a.
1895 3625 1957 3668 u.
2002 3625 2054 3668 c.
2117 3603 2206 3667 DI
2262 3609 2328 3668 et
2385 3603 2507 3666 DII
2553 3609 2741 3667 actae

445 3713 612 3786 sunt,
659 3706 1028 3789 complexus
1071 3706 1228 3771 dicit
1262 3708 1349 3788 ¹2)
1393 3726 1537 3770 cum
1583 3705 1758 3769 fama
1799 3701 2265 3790 percrebuisset
2308 3707 2389 3771 ab
2434 3705 2744 3788 elephan-

444 3811 551 3875 tis·
594 3811 1027 3875 Romanorum
1097 3809 1264 3873 acies
1328 3828 1464 3872 esse
1531 3807 1908 3891 dissipatas,
1995 3808 2427 3872 Romanorum
2500 3807 2744 3872 milites

443 3933 588 3978 cum
635 3910 896 3989 Poenis,
972 3910 1082 3992 qui
1140 3908 1206 3973 in
1252 3909 1535 3974 Siciliam
1594 3930 1846 3994 quoque
1906 3910 2281 3994 elephantos
2325 3915 2743 4010 transporta-

586 4177 631 4241 ι)
703 4176 906 4244 ΧΧ111,
945 4180 1027 4232 18.
1168 4174 1215 4245 2)
1287 4176 1401 4231 1.1.
1544 4177 1592 4246 ³)
1664 4176 1775 4230 1.1.
1968 4176 2013 4245 4)
2073 4176 2221 4244 v111,
2260 4179 2342 4231 14.
2402 4178 2503 4234 cfr.
2540 4180 2746 4236 Dionis
2855 4211 2866 4216 -

443 4264 590 4319 cass.
627 4262 696 4318 fr.
722 4264 807 4329 43,
837 4265 919 4318 39.
1042 4265 1106 4334 5)
1152 4266 1196 4332 1,
1232 4266 1316 4319 38.
1459 4263 1504 4332 ε)
1554 4264 1648 4333 lv,
1686 4267 1736 4318 9.
1875 4264 1920 4332 ⁷)
1976 4265 2020 4332 1,
2060 4265 2144 4317 39.
2286 4265 2333 4334 s)
2383 4265 2726 4340 ΧΧ111,19.,

585 4351 633 4418 ⁹>
688 4352 759 4421 11,
796 4351 885 4405 23.
1025 4352 1092 4421 ιο)
1146 4352 1240 4421 rv,
1276 4355 1326 4407 9.
1470 4352 1543 4422 ¹¹)
1593 4351 1741 4419 v111,
1782 4352 1867 4404 14.
2014 4351 2080 4421 ¹2)
2139 4350 2181 4417 1,
2220 4352 2304 4420 34,
2345 4354 2534 4406 1-14,

2721 4969 2748 4994 ‘u

2745 4955 2800 4994 ,Ὦ
2775 4767 2799 4776 ι

2809 4885 2838 4916 1¹0
