3088 5021
1571 381 1610 442 6

442 597 617 643 mum
661 575 1045 651 babuerunt,
1100 572 1302 638 secuti
1346 575 1514 634 sunt.
1607 567 1734 632 Alii
1777 566 2068 632 homines
2111 566 2309 646 docti,
2353 567 2465 652 qui
2508 567 2736 647 fontes,

443 701 478 744 e
523 678 756 763 quibus
797 682 1043 742 veteres
1090 675 1433 759 scriptores
1492 692 1609 737 sua
1663 670 1998 735 hauserint
2019 719 2037 750 ,
2111 669 2420 751 indagare
2479 670 2739 736 studue-

442 787 626 861 runt,
702 786 817 844 aut
869 778 1015 843 illos
1070 778 1237 842 solos
1307 782 1623 861 putarunt
1677 794 1896 839 eorum
1952 793 2088 837 esse
2151 771 2361 837 fontes
2384 822 2399 846 ,
2474 773 2586 855 qui
2653 773 2736 838 ab

441 883 598 967 ipsis
643 881 1060 966 scriptoribus
1105 884 1253 944 sunt
1299 879 1650 964 appellati3
1724 881 1839 942 aut
1881 896 1960 940 ex
2013 874 2206 940 rebus
2226 924 2242 953 ,
2317 894 2484 958 quae
2528 895 2569 940 a
2610 875 2738 940 sin-

442 986 609 1068 gulis
655 982 1074 1068 scriptoribus
1116 980 1513 1059 referuntur,
1587 980 1758 1044 inter
1803 1000 1872 1042 se
1916 976 2338 1062 comparatis,
2405 997 2484 1042 ex
2528 978 2736 1042 verbis

441 1086 758 1152 similibus
820 1085 1240 1168 simiiiterque'
1285 1085 1465 1149 inter
1515 1103 1585 1148 se
1636 1081 1991 1147 coniunctis
2015 1131 2031 1160 ,
2107 1101 2186 1160 ex
2242 1080 2494 1145 ratione
2516 1127 2533 1158 ,
2607 1100 2737 1164 qua

441 1188 676 1272 singuli
732 1189 1076 1273 scriptores
1119 1188 1205 1252 de*
1228 1186 1448 1252 “rebus
1492 1184 1918 1250 controversis
1959 1182 2483 1268 disputaverunt,
2545 1182 2736 1265 Vdeni-

441 1312 567 1375 que
620 1312 701 1356 ex
743 1290 998 1370 ordine,
1065 1311 1192 1374 quo
1236 1310 1342 1353 res
1383 1291 1688 1353 narratae
1732 1293 1910 1363 sunt,
1977 1287 2376 1369 singularum
2421 1286 2738 1352 narratio-

442 1414 597 1458 num
642 1391 853 1458 fontes
908 1393 1338 1476 indagarunt,
1413 1396 1608 1474 atque
1665 1389 1824 1455 haec
1881 1390 2089 1454 altera
2143 1389 2311 1454 ratio
2356 1389 2599 1474 optima
2641 1395 2739 1455 at-

441 1516 566 1579 que
633 1495 966 1579 aptissima
1010 1516 1146 1560 esse
1193 1493 1350 1559 mihi
1398 1494 1648 1558 videtur
1693 1491 1775 1557 ad
1821 1514 2003 1559 veros
2045 1495 2488 1559 narrationum
2533 1495 2741 1560 fontes

438 1597 869 1682 reperiendos.
964 1598 1227 1662 Veteres
1269 1596 1441 1660 enim
1485 1595 1827 1679 scriptores
1848 1647 1863 1675 ,
1939 1597 1993 1661 si
2038 1597 2312 1663 aliorum
2356 1597 2736 1682 scriptorum

441 1701 826 1766 mentionem
896 1698 1189 1777 faciunt,
1265 1719 1391 1763 non
1455 1697 1523 1763 id
1583 1705 1907 1782 spectant,
1982 1704 2055 1764 ut
2113 1700 2583 1778 demonstrent,
2662 1721 2739 1766 ea

441 1822 605 1886 quae
672 1801 865 1867 modo
927 1801 1211 1867 dixerint
1301 1821 1429 1865 non
1486 1820 1673 1865 suam
1731 1821 1866 1866 esse
1933 1802 2319 1867 sententiam
2384 1803 2496 1869 sed
2572 1804 2737 1869 alius

439 1905 768 1988 scriptoris
795 1954 810 1982 ,
885 1910 1081 1988 atque
1123 1908 1199 1968 ut
1241 1907 1357 1972 aut
1398 1923 1583 1967 suum
1628 1902 1857 1986 cuique
1900 1905 2224 1984 tribuant,
2298 1910 2414 1969 aut
2456 1904 2740 1989 legentes

438 2007 746 2085 doceant,
806 2005 918 2071 ubi
960 2006 1151 2090 plura
1196 2004 1276 2072 de
1320 2005 1544 2070 eadem
1591 2026 1662 2069 re
1706 2006 1946 2091 scripta
1990 2013 2279 2088 exstent,
2354 2008 2466 2074 sed
2510 2015 2584 2074 ut
2627 2030 2739 2094 ap-

436 2109 739 2196 pellando
804 2107 999 2175 nobili
1056 2114 1122 2173 et
1185 2107 1539 2192 praestanti
1601 2108 1912 2194 scriptore
1971 2129 2125 2174 suae
2190 2109 2314 2194 ipsi
2378 2114 2739 2180 sententiae

437 2213 892 2279 auctoritatem
961 2210 1302 2276 vindicent.
1434 2210 1672 2276 Fontes
1740 2217 1987 2291 autem,
2057 2232 2098 2278 e
2162 2213 2394 2296 quibus
2458 2217 2742 2282 maxima

438 2315 832 2381 narrationis
885 2334 1039 2398 pars
1103 2313 1337 2377 hausta
1381 2319 1507 2392 est,
1579 2312 1957 2396 plerumque
2015 2334 2145 2378 non
2204 2322 2356 2382 sunt
2405 2319 2739 2398 nominati,

436 2420 631 2483 immo
699 2425 993 2481 auctores
1012 2465 1029 2494 ,
1124 2434 1283 2497 quos
1347 2413 1758 2498 appellarunt
1816 2415 2192 2500 scriptores,
2279 2439 2738 2508 nonnunquam

439 2521 563 2605 ipsi
608 2540 737 2586 non
782 2519 1229 2602 inspexerunt,
1293 2516 1405 2582 sed
1451 2537 1531 2582 ex
1574 2517 1849 2583 aliorum
1894 2518 2075 2586 libris
2116 2532 2565 2606 cognoverunt.

610 2622 788 2688 Inter
832 2642 941 2686 eos
964 2620 1137 2704 ,qui
1180 2625 1402 2684 nostro
1444 2625 1730 2704 tempore
1775 2620 1998 2686 critica
2020 2672 2036 2701 ,
2098 2630 2172 2688 ut
2215 2624 2309 2689 ita
2353 2625 2591 2707 dicam,
2635 2649 2737 2693 ra·

441 2725 616 2790 tione
658 2725 730 2789 in
770 2724 1103 2788 historiam
1149 2722 1505 2788 Romanam
1550 2723 2050 2807 inquisiverunt,
2091 2747 2487 2813 quorumque
2532 2731 2739 2815 operi-

436 2827 554 2893 bus
596 2847 750 2893 usus
793 2846 933 2890 sum
961 2875 976 2905 ,
1052 2831 1203 2889 ante
1248 2846 1466 2890 omnes
1514 2825 1899 2890 Niebuhrius
1943 2829 2375 2895 nominandus
2419 2837 2551 2908 est,
2626 2833 2738 2916 qui

437 2930 507 2994 in
536 2930 730 2994 tertio
760 2928 1082 2993 volumine
1124 2928 1430 2993 historiae
1463 2928 1789 2993 Romanae
1832 2928 2070 2994 bellum
2103 2930 2414 2997 Punicum
2457 2934 2738 3018 primum

437 3030 766 3096 enarravit
787 3081 804 3110 ,
878 3029 989 3095 sed
1045 3035 1251 3095 morte
1293 3029 1518 3113 iniqua
1559 3029 1953 3115 interceptus
1997 3053 2204 3116 neque
2250 3035 2552 3116 absolvit,
2630 3060 2774 3103 ne-‡

437 3154 561 3217 que
606 3131 874 3217 perfecit
916 3132 1053 3215 ipse
1097 3130 1289 3196 huius
1332 3131 1484 3197 belli
1525 3132 1962 3197 narrationem
2009 3139 2078 3214 1).
2199 3137 2340 3214 Qua
2382 3159 2452 3202 re
2497 3139 2738 3205 factum
2811 3212 2832 3226 ν

437 3241 568 3314 est,
643 3239 743 3313 ut,
810 3253 1200 3328 quamquam
1247 3254 1327 3299 ex
1367 3236 1445 3299 iis
1488 3255 1772 3320 quoque,
1832 3256 1995 3319 quae
2038 3237 2105 3301 in
2152 3239 2344 3304 tertio
2387 3239 2499 3306 illo
2544 3242 2739 3307 histo-

437 3337 576 3403 riae
619 3337 946 3422 Romanae
990 3336 1310 3400 volumine
1355 3339 1597 3421 scripta
1647 3337 1948 3421 leguntur
1971 3388 1986 3417 ,
2062 3360 2207 3405 acre
2251 3342 2589 3407 Niebuhrii
2643 3345 2738 3408 in·

439 3439 694 3524 genium
740 3437 1100 3523 splendeat,
1166 3443 1384 3504 tamen
1429 3439 1483 3503 si
1527 3460 1973 3524 comparamus
2015 3463 2123 3521 ea,
2180 3464 2346 3527 quae
2388 3446 2456 3510 in
2504 3446 2739 3513 scholis

444 3542 525 3608 de
569 3541 848 3605 historia
890 3540 1181 3606 Romana
1211 3540 1475 3606 Bonnae
1514 3544 1699 3605 annis
1734 3541 2300 3612 MDCCOXXVIII
2329 3553 2395 3613 et
2424 3548 2743 3616 MDCCC-

437 3643 657 3710 XXIX
701 3641 937 3706 habitis
971 3644 1017 3722 2)
1078 3642 1156 3708 de
1214 3642 1334 3726 hoc
1387 3643 1557 3708 bello
1601 3644 1865 3729 eiusque
1908 3648 2323 3732 scriptoribus
2367 3650 2560 3730 dixit,
2634 3674 2736 3719 co-

438 3745 796 3831 gnoscimus
856 3744 1280 3809 Niebuhrium
1341 3747 1565 3830 paucis
1631 3748 1982 3814 interiectis
2046 3751 2231 3816 annis
2298 3790 2376 3801 -
2445 3775 2610 3839 quae
2669 3756 2735 3820 in

439 3848 633 3914 tertio
690 3846 802 3911 illo
858 3845 1164 3913 historiae
1225 3847 1553 3913 Romanae
1615 3850 1939 3918 volumine
1994 3853 2323 3937 leguntur,
2389 3856 2520 3921 iam
2564 3873 2737 3924 anno

443 3947 829 4014 MDCCGXI
889 3954 1076 4013 erant
1117 3951 1478 4035 conscripta
1525 3987 1603 4000 -
1664 3954 1871 4020 multo
1913 3955 2241 4021 meliorem
2285 3956 2365 4022 de
2407 3945 2547 4024 hoc*
2570 3958 2738 4026 bello

441 4049 876 4116 narrationem
920 4052 1325 4134 proposuisse
1346 4103 1362 4132 ,
1431 4052 1631 4119 multo
1676 4057 1926 4121 acutius
1969 4061 2166 4141 atque
2209 4060 2445 4124 rectius
2488 4061 2568 4127 de
2611 4061 2737 4127 sin-

586 4262 628 4330 ¹)
699 4260 797 4317 cfr.
832 4260 892 4314 in
926 4259 1064 4319 hist.
1106 4261 1266 4317 Rom.
1305 4264 1415 4320 vol.
1440 4264 1538 4319 111.
1571 4265 1745 4335 praef.
1784 4266 2030 4323 editoris.
2069 4285 2124 4338 p.
2150 4268 2221 4323 II.

504 4396 511 4400 .
583 4351 631 4416 Ἃ)
703 4349 773 4403 ab
806 4348 980 4405 Islero
1014 4348 1429 4410 MDCGCXLVI
1462 4351 1597 4409 edit.
