3088 5021
1588 329 1670 389 20

474 485 936 575 Καρχηδόνιοι,
979 483 1401 572 αὐξανόμενοι
1445 488 1518 552 δὲ
1561 480 1681 574 ἤδη
1725 482 1790 552 οἱ
1829 483 2152 570 Ῥωμαῖοι,
2198 481 2516 576 ἀλλήλους
2561 527 2644 538 --
2689 527 2781 538 --

470 585 877 677 ὑφεωρῶντο.
924 629 1009 641 -

643 693 913 759 Constat
993 694 1163 757 inter
1234 713 1455 758 omnes
1529 698 1774 758 veteres
1849 694 2359 776 recentioresque
2431 694 2782 776 scriptores

475 794 1039 871 Mamertinorum,
1101 795 1210 878 qui
1261 795 1561 859 Messana
1602 800 1792 860 erant
1833 795 2059 879 potiti,
2133 813 2232 857 res
2278 793 2547 858 afflictas
2592 815 2783 860 occa-

473 897 714 961 sionem
796 899 1167 982 praebuisse
1242 897 1547 961 Romanis
1623 895 1879 960 Siciliae
1952 897 2142 960 rebus
2216 917 2283 960 se
2356 897 2779 962 immiscendi.

474 998 1004 1065 Mamertinorum
1049 1000 1221 1064 enim
1265 1000 1473 1064 altera
1517 1020 1689 1083 pars,
1747 1004 1909 1062 teste
1957 998 2216 1081 Polybio
2256 1003 2324 1079 ¹),
2370 999 2457 1064 ad
2502 999 2778 1069 Cartha-

394 1182 399 1187 *
474 1102 792 1183 ginienses
850 1104 1275 1186 confugerunt
1331 1101 1535 1184 iisque
1597 1122 1662 1165 se
1723 1105 1789 1165 et
1831 1122 2044 1166 arcem
2103 1101 2547 1180 tradiderunt,
2619 1124 2781 1186 pars

476 1203 682 1266 altera
702 1203 969 1268 Romam
999 1205 1311 1268 miserunt
1328 1204 1575 1285 legatos
1591 1203 1812 1268 urbem
1828 1204 2133 1268 dedentes
2152 1208 2537 1288 orantesque
2559 1212 2630 1268 ut
2653 1205 2780 1268 sibi

477 1304 790 1369 auxilium
835 1305 1132 1370 ferretur.
1226 1305 1498 1371 Senatus
1542 1307 2018 1385 Romanorum,
2069 1307 2178 1389 qui
2224 1305 2578 1384 dubitavit5
2619 1304 2776 1389 quid

473 1405 838 1483 faciendum
877 1412 1077 1485 esset,
1137 1428 1273 1472 rem
1304 1408 1385 1473 ad
1420 1409 1728 1493 populum
1762 1408 1985 1475 reiecit
2016 1458 2029 1486 ,
2076 1409 2187 1491 qui
2217 1408 2432 1473 statim
2463 1407 2777 1472 auxilium

474 1508 878 1574 Mamertinis
921 1510 1256 1573 ferendum
1301 1531 1438 1575 esse
1484 1510 1798 1591 decrevit,
1871 1517 2067 1592 atque
2112 1510 2387 1594 Appium
2434 1509 2777 1574 Claudium

476 1611 800 1676 consulem
866 1613 1216 1676 exercitum
1276 1612 1341 1675 in
1402 1611 1683 1676 Siciliam
1742 1612 2017 1676 traicere
2074 1612 2275 1676 iussit.
2410 1610 2802 1675 Mamertini-

473 1712 827 1778 Poenorum
872 1715 1134 1793 ducem,
1209 1715 1320 1797 qui
1378 1734 1593 1779 arcem
1649 1714 1777 1778 iam
1824 1720 2275 1797 occupaverat,
2351 1713 2495 1778 dolo
2541 1720 2606 1777 et
2647 1718 2778 1776 ter-
2871 1754 2884 1761 η

474 1835 618 1878 rore
684 1836 763 1880 ex
833 1817 992 1881 urbe
1064 1817 1390 1880 eiecerunt
1421 1865 1435 1894 ‚
1525 1818 1800 1900 Appium
1873 1815 2214 1881 Claudium
2288 1816 2778 1880 arcessiverunt.

476 1916 674 1982 Poeni
732 1917 958 1982 ducem
1015 1917 1401 1984 Hannonem
1464 1919 1639 1983 cruci
1699 1917 2065 1997 affixerunt,
2144 1917 2508 1983 Messanam
2551 1916 2778 1982 urbem

474 2024 653 2084 terra
695 2020 988 2103 marique
1034 2020 1441 2087 obsederunt,
1564 2022 1703 2099 Quo
1761 2022 1827 2084 in
1883 2041 2098 2086 rerum
2143 2026 2319 2084 statu
2365 2019 2594 2096 Hiero,
2661 2039 2776 2081 rex

475 2119 1017 2205 Syracusanorum
1037 2171 1052 2199 ‚
1101 2122 1519 2187 Mamertinos
1562 2121 1750 2186 facile
1797 2144 1875 2185 ex
1908 2122 2128 2187 Sicilia
2169 2122 2324 2205 pelli
2367 2140 2552 2205 posse
2596 2123 2778 2184 ratus

474 2222 699 2288 foedus
748 2224 896 2289 iniit
940 2244 1085 2288 cum
1130 2224 1768 2306 Carthaginiensibus
1814 2223 2305 2307 Messanamque
2345 2223 2547 2306 copiis
2590 2221 2777 2286 ador-

475 2329 581 2388 tus
645 2330 758 2389 est.
877 2325 1039 2389 Tum
1086 2327 1329 2409 Appius
1373 2325 1683 2391 Claudius
1742 2331 1934 2390 noctu
1993 2325 2224 2409 insigni
2293 2346 2437 2390 cum
2503 2323 2776 2388 audacia

476 2427 715 2491 fretum
763 2425 1042 2492 Siculum
1101 2428 1365 2492 traiecit*
1417 2429 1764 2494 exercitum
1792 2478 1811 2506 ‚
1884 2448 1925 2492 a
1967 2427 2199 2493 Poenis
2251 2434 2316 2492 et
2359 2426 2778 2510 Syracusanis

477 2528 846 2613 postulavit,
870 2535 944 2593 ut
975 2530 1338 2595 Messanam
1367 2532 1589 2597 urbem
1631 2531 1713 2597 ab
1745 2531 2106 2596 obsessione
2150 2532 2519 2596 liberarent.
2594 2528 2775 2608 Quod

477 2652 624 2695 cum
668 2652 794 2696 non
837 2631 1343 2714 impetravisset,
1390 2635 1592 2698 aciem
1643 2640 1869 2699 contra
1902 2633 2242 2698 Hieronem
2288 2632 2512 2698 eduxit
2555 2636 2621 2694 et
2663 2629 2777 2713 Sy·-

477 2753 826 2798 racusanos
865 2734 1034 2798 vicit.
1094 2735 1291 2801 Hiero
1335 2736 1414 2801 de
1459 2756 1709 2801 summa
1751 2756 1962 2801 rerum
2008 2736 2256 2819 aliquid
2300 2735 2453 2800 mali
2497 2734 2776 2817 suspica-

478 2840 584 2898 tus
627 2834 743 2899 sub
788 2839 1045 2920 noctem
1086 2838 1381 2902 celeriter
1425 2836 1774 2922 Syracusas
1817 2838 2096 2903 recessit.
2220 2838 2363 2915 Qua
2407 2858 2475 2902 re
2520 2835 2777 2919 cognita

479 2937 724 3019 Appius
771 2935 1078 3001 Claudius
1121 2940 1413 3022 proximo
1460 2940 1563 3004 die
1610 2941 1675 3005 in
1722 2939 2283 3021 Carthaginienses
2331 2942 2644 3023 impetum
2686 2935 2776 3001 fe-

480 3037 569 3101 cit
610 3043 675 3101 et
729 3037 970 3121 proelio
1017 3041 1353 3123 commisso
1398 3041 1633 3106 multos
1679 3041 2238 3125 Carthaginienses
2283 3042 2550 3119 occidit,
2627 3038 2776 3104 reli-

481 3160 640 3222 quos
683 3139 868 3220 fudit,
917 3142 1026 3223 qui
1070 3143 1410 3227 praecipiti
1453 3143 1610 3228 fuga
1653 3145 1842 3210 urbes
1886 3145 2129 3207 vicinas
2173 3144 2559 3227 petiverunt.
2653 3145 2777 3225 Ap-

478 3243 624 3323 pius
671 3241 966 3306 Messana
1023 3243 1102 3307 ab
1133 3244 1526 3312 vobsessione
1583 3246 1860 3312 liberata
1904 3246 2453 3329 Syracusanorum
2512 3253 2579 3309 et
2619 3245 2774 3310 Car-

482 3343 982 3426 thaginiensium
1028 3365 1215 3429 agros
1258 3348 1556 3413 vastavit.

655 3445 828 3511 Haec
872 3446 1171 3531 Polybius
1226 3449 1434 3515 tradit
1463 3499 1478 3528 ‚
1558 3452 1753 3514 ceteri
1796 3451 2137 3534 scriptores
2193 3452 2518 3516 interdum
2574 3449 2657 3515 ab
2702 3470 2777 3514 eo

481 3546 886 3611 dissentiunt.
978 3549 1244 3614 Diodori
1287 3552 1543 3634 quidem
1590 3554 1879 3618 narratio
1925 3554 2003 3618 de
2046 3555 2295 3619 ratione
2341 3574 2471 3637 qua
2501 3553 2777 3634 Romani

483 3646 782 3712 Messana
826 3650 957 3714 sint
998 3652 1227 3734 potiti,
1298 3674 1421 3717 non
1470 3661 1717 3729 exstat,
1792 3676 1998 3739 neque
2042 3658 2109 3720 in
2154 3655 2319 3720 Livii
2362 3654 2662 3739 periocha
2703 3654 2777 3719 li-

482 3750 584 3815 bri
627 3750 781 3815 XVI
825 3752 963 3816 eius
1019 3753 1110 3816 rei
1168 3755 1408 3819 mentio
1469 3755 1645 3820 facta
1687 3763 1812 3835 est,
1890 3758 2010 3823 Dio
2057 3758 2319 3823 Cassius
2353 3759 2406 3840 2)
2453 3763 2665 3821 autem
2715 3762 2779 3821 et

484 3852 592 3934 qui
641 3871 787 3916 eum
831 3852 966 3918 fere
1010 3854 1092 3918 ad
1138 3856 1399 3921 verbum
1444 3858 1813 3942 exscripsit,
1886 3860 2171 3925 Zonaras
2202 3862 2257 3935 3)
2321 3858 2593 3924 tradunt
2649 3859 2779 3943 pri-

484 3974 656 4017 mum
706 3954 1121 4021 Mamertinos
1159 3977 1199 4022 a
1244 3958 1552 4024 Romanis
1599 3959 1910 4028 auxilium
1954 3963 2282 4046 petivisse,
2328 3960 2587 4041 deinde,
2633 3981 2776 4025 cum

489 4093 647 4101 ——--——-..

629 4188 654 4228 ΙΔ
741 4189 767 4240 Ι
827 4193 854 4242 1
900 4218 964 4229 --
1004 4193 1034 4243 2
1127 4233 1137 4243 .

627 4188 672 4343 2}
745 4192 1076 4332 cii-‚officinis
1088 4194 1258 4334 4Cass.
1314 4280 1382 4336 fr.
1420 4282 1512 4350 43,
1558 4284 1742 4337 1-10.
1789 4283 1875 4339 ed.
1911 4249 2164 4340 Dindorf.
2340 4287 2388 4351 ³)
2459 4289 2615 4360 VIII,
2652 4294 2705 4346 8.

2425 4463 2448 4490 Ι
