3088 5021
1509 361 1549 422 9

386 520 732 604 scriptores
790 517 872 584 ab
928 518 1166 602 iniquis
1221 517 1352 583 illis
1398 515 1648 601 Polybii
1707 518 2283 604 vituperationibus
2340 519 2679 589 defendere

382 621 489 687 hic
532 622 790 698 omitto,
858 620 936 685 de
980 638 1106 686 uno
1153 614 1405 686 Philino
1449 641 1659 704 pauca
1700 621 2056 705 proferam,
2121 623 2229 706 qui
2276 622 2513 689 bellum
2555 624 2680 689 Pu-

383 724 597 790 nicum
641 723 921 808 primum
966 723 1307 811 enarravit.
1441 722 1743 806 Polybius
1798 723 1972 788 hunc
2028 723 2110 788 ab
2155 723 2298 790 aliis
2355 726 2681 811 scriptori-

383 826 502 893 bus
561 827 781 908 magni
840 826 1250 893 aestimatum
1292 830 1624 890 'auctorem
1666 825 1762 891 ita
1818 825 2266 916 reprehendit,
2339 834 2415 892 ut
2457 849 2679 913 quam-

315 938 319 945 ‘
383 950 577 1015 quam
620 930 757 1014 ipse
801 928 1021 1014 paullo
1067 933 1219 992 ante
1252 927 1579 993 Philinum
1624 933 1690 992 et
1731 927 2001 994 Fabium
2044 925 2198 1006 τοὺς
2233 925 2680 1016 ἐμπειρότατα

384 1031 737 1109 δοκοῦντας
787 1026 1058 1119 γράφειν
1101 1024 1270 1117 ὑπὲρ
1313 1032 1433 1095 τοῦ
1474 1029 1772 1112 πολέμου
1822 1030 2269 1098 nominaverat
2296 1083 2312 1113 ‚
2393 1033 2708 1116 legentes

383 1134 929 1203 commonefacere
973 1133 1283 1210 videatur,
1331 1153 1411 1197 ne
1456 1132 1699 1217 scripta
1743 1132 1880 1198 eius
1923 1132 2286 1217 inspiciant,
2335 1135 2613 1202 absurda
2640 1157 2682 1203 a

383 1236 639 1302 Philino
699 1256 835 1301 esse
891 1240 1160 1300 narrata
1205 1234 1537 1299 contendit
1580 1234 1919 1318 Polybius:
2011 1236 2109 1300 sin
2154 1243 2369 1302 autem
2418 1237 2680 1307 Diodori

290 1361 299 1364 ·
382 1339 819 1404 narrationem
863 1337 941 1402 de
985 1337 1152 1402 bello
1196 1336 1434 1401 Punico
1479 1338 1717 1420 primo,
1762 1358 1925 1421 quae
1970 1344 2044 1402 ut
2086 1337 2258 1403 infra
2304 1339 2678 1419 videbimus,

379 1441 512 1507 fere
570 1447 710 1506 tota
769 1442 837 1505 in
894 1439 1132 1504 Philini
1193 1459 1382 1523 opere
1441 1438 1771 1519 innititur,
1845 1461 2291 1524 comparamus
2318 1491 2333 1521 ,
2420 1442 2680 1507 minime

381 1563 524 1608 eam
566 1534 790 1629 πάσης
833 1534 1102 1626 ἀλογίας
1136 1535 1399 1627 ’πλήρην
1442 1561 1581 1605 esse
1623 1543 1981 1625 apparebit.
2068 1544 2401 1609 Nissenius
2428 1548 2481 1624 1)
2524 1565 2678 1626 quo·

380 1667 506 1730 que
544 1644 787 1709 ‚Philini
839 1644 1031 1710 fidem
1086 1648 1280 1727 atque
1325 1635 1778 1710 auctoritatem
1822 1666 1863 1711 a
1908 1644 2153 1729 Polybii
2198 1646 2676 1729 vituperationi-

381 1748 499 1814 bus
531 1749 587 1825 2)
643 1746 959 1826 defendit,
1041 1766 1185 1810 cum
1231 1745 1767 1812 demonstraverit
1788 1795 1803 1826 ,
1891 1747 2090 1812 ictum
2136 1768 2273 1813 esse
2316 1747 2539 1815 foedus
2580 1749 2674 1814 in·

379 1855 480 1916 ter
549 1850 870 1917 Romanos
936 1854 1001 1914 et
1059 1847 1628 1932 Carthaginienses
1692 1870 1863 1914 anno
1929 1869 1968 1913 a
2034 1849 2183 1915 Chr.
2262 1872 2324 1914 n.
2406 1850 2678 1933 CCCVI,

380 1951 551 2037 quod
596 1951 888 2018 Philinus
928 1958 1570 2031 commemoraverat,
1666 1951 1967 2035 Polybius
2024 1958 2282 2032 contra,
2358 1974 2503 2018 cum
2547 1953 2678 2019 foe-

381 2055 501 2121 dus
543 2055 700 2121 illud
744 2056 810 2118 in
855 2052 1093 2136 templo
1140 2053 1309 2118 Iovis
1354 2053 1715 2138 Capitolini.
1750 2075 1876 2119 non
1922 2054 2295 2133 invenisset,
2351 2055 2675 2121 refutavit.

379 2158 723 2223 Praeterea
764 2156 1063 2240 Polybius
1107 2156 1244 2240 ipse
1287 2156 1408 2221 sibi
1452 2177 1584 2220 non
1624 2157 1915 2222 constitit
1935 2207 1951 2236 ,
2027 2176 2169 2221 cum
2217 2178 2678 2241 nonnunquam

379 2258 700 2324 Philinum
747 2264 1002 2325 secutus
1048 2259 1159 2337 sit,
1228 2264 1345 2324 aut
1386 2257 1625 2323 Philini
1669 2265 1735 2324 et
1778 2258 1965 2324 Fabii
2008 2261 2415 2347 narrationes
2459 2267 2678 2326 conta-

378 2352 745 2426 minaverit.
837 2360 1070 2425 Merito
1112 2366 1330 2426 autem
1372 2366 1439 2425 et
1480 2362 1620 2424 iure
1666 2361 1937 2427 Fabium
1983 2368 2048 2441 et
2092 2362 2415 2428 Philinum
2462 2385 2675 2448 repre·

376 2463 674 2530 hendisse
717 2463 1172 2550 mihi-*videtur
1214 2462 1547 2548 Polybius,
1595 2463 1767 2549 quod
1813 2465 2008 2531 nimio
2052 2466 2272 2551 populi
2320 2466 2418 2531 sui
2464 2466 2678 2533 studio

379 2568 553 2653 capti
597 2588 637 2631 a
679 2588 829 2632 vero
871 2566 1199 2632 interdum
1240 2573 1676 2647 recesserunt3
1750 2569 1971 2652 itaque
2016 2569 2318 2635 assentiri
2363 2589 2492 2634 non
2522 2589 2678 2653 pos-

380 2692 520 2736 sum
579 2669 1039 2755 recentioribus
1097 2668 1481 2752 quibusdam
1537 2670 1986 2755 scriptoribuS,
2064 2672 2176 2754 qui
2219 2670 2551 2754 Polybium
2611 2672 2678 2736 in

381 2773 502 2838 hoc
545 2794 798 2857 quoque
840 2770 1078 2837 iudicio
1121 2772 1536 2856 proponendo
1582 2773 1776 2837 nimis
1819 2772 2120 2838 acerbum
2173 2774 2367 2838 fuisse
2425 2780 2679 2858 putant,

380 2896 587 2959 neque
629 2874 712 2940 ab
757 2874 1130 2954 Hermanno
1176 2876 1403 2940 Petero
1430 2877 1488 2954 3)
1548 2874 1661 2940 illa
1705 2875 1951 2959 Polybii
1996 2876 2313 2942 acerbitas
2355 2883 2529 2942 recte
2572 2897 2681 2940 ex-

378 2978 622 3062 plicata
662 2998 801 3042 esse
844 2977 1005 3041 mihi
1048 2977 1328 3056 videtur,
1404 2998 1550 3042 cum
1597 2978 1802 3057 dicat,
1895 2998 1937 3044 a
1981 2977 2242 3062 Polybio
2287 2978 2368 3044 ob
2412 2977 2681 3043 inimici-

382 3082 536 3160 tias,
614 3091 780 3163 quae
832 3080 1005 3145 inter
1051 3078 1418 3164 Scipionum
1465 3086 1531 3143 et
1576 3080 1919 3145 Fabiorum
1968 3080 2247 3146 familias
2308 3081 2680 3145 intercesse-

382 3183 545 3258 rint,
619 3181 980 3264 annalium,
1054 3202 1216 3266 quos
1261 3181 1498 3248 Fabius
1542 3182 1761 3247 Pictor
1804 3183 2285 3269 conscripserit,
2360 3182 2552 3248 fidem
2611 3182 2679 3248 in

382 3284 647 3350 dubium
690 3291 980 3350 vocatam
1024 3304 1182 3349 esse.
1312 3284 1693 3349 Persuaderi
1736 3285 1896 3350 mihi
1950 3306 2096 3356 non·
2130 3305 2420 3369 possum,
2497 3285 2680 3369 Poly-

383 3387 560 3453 bium
603 3392 736 3451 tam
781 3407 976 3471 pravo
1020 3386 1217 3451 fuisse
1259 3386 1519 3469 ingenio
1566 3391 1762 3470 atque
1815 3392 1951 3451 tam
1997 3386 2108 3451 vili
2150 3388 2338 3453 modo
2384 3387 2505 3455 sibi
2550 3387 2679 3452 Sci·

382 3490 645 3575 pionum
691 3490 1041 3555 amicitiam
1085 3488 1725 3572 benevolentiamque
1768 3509 2173 3573 comparasse
2217 3497 2334 3554 aut
2377 3510 2680 3555 servasse.

262 3621 275 3632 .
382 3593 729 3674 Praeterea
776 3592 867 3657 H.
902 3592 1170 3656 Peterus
1213 3590 1331 3656 sibi
1380 3598 1675 3656 constare
1721 3612 1850 3655 non
1896 3592 2148 3657 videtur
2186 3642 2202 3672 ,
2277 3613 2422 3656 cum
2464 3591 2681 3676 paullo

383 3701 530 3780 post
561 3698 616 3777 4)
675 3696 812 3779 ipse
871 3694 1173 3773 affirmet,
1248 3694 1531 3759 omnium
1581 3699 1867 3758 veterum
1909 3694 2291 3779 scriptorum
2350 3695 2680 3779 proprium

383 3797 579 3862 fuisse
621 3801 697 3862 ut
740 3798 989 3881 patriae
1034 3796 1303 3881 gloriam
1347 3797 1414 3860 in
1451 3796 1660 3862 maius
1703 3789 2117 3873 extollerent,
2174 3818 2383 3881 neque
2423 3797 2682 3862 omnino

383 3899 525 3966 fieri
580 3921 766 3985 posse
812 3899 969 3983 quin
1014 3898 1352 3983 quisquam
1398 3919 1532 3978 ree,
1582 3899 1842 3983 quibus
1883 3899 2021 3983 ipse
2065 3900 2354 3984 aequalis
2397 3900 2515 3981 sit,
2589 3900 2684 3965 ita

530 4173 573 4236 ¹)
642 4171 748 4225 Die
782 4168 1500 4239 romisch-karthagischen
1535 4168 1863 4226 Biindnisse.
1929 4167 2123 4223 Jahrb.
2159 4166 2250 4222 fiir
2286 4167 2446 4223 class.
2480 4165 2681 4223 Philol.

391 4260 542 4313 1867.
577 4275 630 4327 p.
656 4260 760 4313 325
797 4276 877 4327 sq.
1077 4257 1122 4326 2)
1196 4256 1390 4326 Polyb.
1425 4258 1523 4327 ΙΙΙ,
1564 4261 1649 4313 26.

524 4344 578 4411 3)
648 4344 842 4401 histor.
876 4346 1035 4402 Rom.
1068 4344 1225 4414 reliq.
1266 4347 1418 4401 1870.
1454 4347 1498 4400 Ι.
1532 4362 1587 4415 p.
1612 4344 1914 4400 LXXXIII.
2052 4343 2099 4410 4)
2162 4342 2199 4395 l.
2233 4342 2266 4395 l.
2301 4358 2354 4412 p.
2375 4340 2648 4426 LXXXV.
