<?xml version="1.0" encoding="UTF-8"?>
<!DOCTYPE html PUBLIC "-//W3C//DTD XHTML 1.0 Transitional//EN"
    "http://www.w3.org/TR/xhtml1/DTD/xhtml1-transitional.dtd">
<html xmlns="http://www.w3.org/1999/xhtml" xml:lang="en" lang="en">
 <head>
  <title>
</title>
<meta http-equiv="Content-Type" content="text/html;charset=utf-8" />
  <meta name='ocr-system' content='tesseract 3.04.00' />
  <meta name='ocr-capabilities' content='ocr_page ocr_carea ocr_par ocr_line ocrx_word'/>
</head>
<body>
  <div class='ocr_page' id='page_1' title='image "./debellipunicipr00neulgoog_0057.png"; bbox 0 0 3088 5021; ppageno 0'>
   <div class='ocr_carea' id='block_1_1' title="bbox 342 372 2655 724">
    <p class='ocr_par' dir='ltr' id='par_1_1' title="bbox 342 372 2655 724">
     <span class='ocr_line' id='line_1_1' title="bbox 1466 372 1549 434; baseline 0 0"><span class='ocrx_word' id='word_1_1' title='bbox 1466 372 1549 434; x_wconf 86' lang='lat'>53</span> 
     </span>
     <span class='ocr_line' id='line_1_2' title="bbox 518 530 2653 618; baseline 0.003 -22"><span class='ocrx_word' id='word_1_2' title='bbox 518 530 685 617; x_wconf 89' lang='lat' dir='ltr'>Belli</span> <span class='ocrx_word' id='word_1_3' title='bbox 728 551 898 597; x_wconf 91' lang='lat' dir='ltr'>anno</span> <span class='ocrx_word' id='word_1_4' title='bbox 943 532 1189 598; x_wconf 90' lang='lat' dir='ltr'>decimo</span> <span class='ocrx_word' id='word_1_5' title='bbox 1234 533 1506 618; x_wconf 90' lang='lat' dir='ltr'>septimo</span> <span class='ocrx_word' id='word_1_6' title='bbox 1557 533 1625 600; x_wconf 90' lang='lat' dir='ltr'>C.</span> <span class='ocrx_word' id='word_1_7' title='bbox 1671 535 1935 603; x_wconf 90' lang='lat' dir='ltr'>Aurelio</span> <span class='ocrx_word' id='word_1_8' title='bbox 1980 534 2202 614; x_wconf 87' lang='lat' dir='ltr'>Cotta,</span> <span class='ocrx_word' id='word_1_9' title='bbox 2268 536 2337 601; x_wconf 92' lang='lat' dir='ltr'>P.</span> <span class='ocrx_word' id='word_1_10' title='bbox 2383 535 2653 602; x_wconf 84' lang='lat' dir='ltr'>Servilio</span> 
     </span>
     <span class='ocr_line' id='line_1_3' title="bbox 342 633 2655 724; baseline 0.001 -24"><span class='ocrx_word' id='word_1_11' title='bbox 342 633 637 700; x_wconf 79' lang='lat' dir='ltr'>Genucio</span> <span class='ocrx_word' id='word_1_12' title='bbox 692 635 1061 700; x_wconf 90' lang='lat' dir='ltr'>consulibus</span> <span class='ocrx_word' id='word_1_13' title='bbox 1120 634 1281 699; x_wconf 89' lang='lat' dir='ltr'><strong>nihil</strong></span> <span class='ocrx_word' id='word_1_14' title='bbox 1342 639 1651 703; x_wconf 90' lang='lat' dir='ltr'>memoria</span> <span class='ocrx_word' id='word_1_15' title='bbox 1695 638 1957 719; x_wconf 86' lang='lat' dir='ltr'>dignum</span> <span class='ocrx_word' id='word_1_16' title='bbox 2014 637 2082 702; x_wconf 91' lang='lat' dir='ltr'>in</span> <span class='ocrx_word' id='word_1_17' title='bbox 2127 637 2349 705; x_wconf 79' lang='lat' dir='ltr'>Sicilia</span> <span class='ocrx_word' id='word_1_18' title='bbox 2404 644 2655 724; x_wconf 89' lang='lat' dir='ltr'>gestum</span> 
     </span>
    </p>
   </div>
   <div class='ocr_carea' id='block_1_2' title="bbox 337 736 2778 825">
    <p class='ocr_par' dir='ltr' id='par_1_2' title="bbox 337 736 2778 825">
     <span class='ocr_line' id='line_1_4' title="bbox 337 736 2778 825; baseline 0.001 -22"><span class='ocrx_word' id='word_1_19' title='bbox 337 743 482 816; x_wconf 87' lang='lat' dir='ltr'>est,</span> <span class='ocrx_word' id='word_1_20' title='bbox 557 757 752 822; x_wconf 87' lang='lat' dir='ltr'>quam</span> <span class='ocrx_word' id='word_1_21' title='bbox 797 736 876 802; x_wconf 93' lang='lat' dir='ltr'>ob</span> <span class='ocrx_word' id='word_1_22' title='bbox 920 757 1058 801; x_wconf 90' lang='lat' dir='ltr'>rem</span> <span class='ocrx_word' id='word_1_23' title='bbox 1103 737 1404 820; x_wconf 83' lang='lat' dir='ltr'>Polybius</span> <span class='ocrx_word' id='word_1_24' title='bbox 1449 745 1516 804; x_wconf 90' lang='lat' dir='ltr'>et</span> <span class='ocrx_word' id='word_1_25' title='bbox 1574 740 1771 805; x_wconf 90' lang='lat' dir='ltr'>ceteri</span> <span class='ocrx_word' id='word_1_26' title='bbox 1834 741 2178 825; x_wconf 82' lang='lat' dir='ltr'>scriptores</span> <span class='ocrx_word' id='word_1_27' title='bbox 2239 740 2375 806; x_wconf 87' lang='lat' dir='ltr'>fere</span> <span class='ocrx_word' id='word_1_28' title='bbox 2431 761 2654 807; x_wconf 90' lang='lat' dir='ltr'>omnes</span> <span class='ocrx_word' id='word_1_29' title='bbox 2771 758 2778 759; x_wconf 63' lang='grc'><em>’</em></span> 
     </span>
    </p>
   </div>
   <div class='ocr_carea' id='block_1_3' title="bbox 250 838 2716 1747">
    <p class='ocr_par' dir='ltr' id='par_1_3' title="bbox 250 838 2716 1747">
     <span class='ocr_line' id='line_1_5' title="bbox 341 838 2657 925; baseline 0.003 -21"><span class='ocrx_word' id='word_1_30' title='bbox 341 839 432 904; x_wconf 87' lang='lat' dir='ltr'>de</span> <span class='ocrx_word' id='word_1_31' title='bbox 476 838 597 905; x_wconf 91' lang='lat' dir='ltr'>hoc</span> <span class='ocrx_word' id='word_1_32' title='bbox 640 859 806 904; x_wconf 90' lang='lat' dir='ltr'>anno</span> <span class='ocrx_word' id='word_1_33' title='bbox 855 844 1110 919; x_wconf 87' lang='lat' dir='ltr'>tacent;</span> <span class='ocrx_word' id='word_1_34' title='bbox 1185 840 1448 905; x_wconf 82' lang='lat' dir='ltr'>Orosius</span> <span class='ocrx_word' id='word_1_35' title='bbox 1485 845 1535 922; x_wconf 86' lang='lat'>¹)</span> <span class='ocrx_word' id='word_1_36' title='bbox 1582 848 1799 907; x_wconf 90' lang='lat' dir='ltr'>autem</span> <span class='ocrx_word' id='word_1_37' title='bbox 1845 842 2048 908; x_wconf 89' lang='lat' dir='ltr'>tradit</span> <span class='ocrx_word' id='word_1_38' title='bbox 2091 841 2657 925; x_wconf 70' lang='lat' dir='ltr'>Carthaginienses</span> 
     </span>
     <span class='ocr_line' id='line_1_6' title="bbox 344 940 2656 1028; baseline 0 -20"><span class='ocrx_word' id='word_1_39' title='bbox 344 942 555 1008; x_wconf 89' lang='lat' dir='ltr'>classe</span> <span class='ocrx_word' id='word_1_40' title='bbox 601 941 830 1007; x_wconf 89' lang='lat' dir='ltr'>Italiae</span> <span class='ocrx_word' id='word_1_41' title='bbox 874 940 1068 1007; x_wconf 87' lang='lat' dir='ltr'>litora</span> <span class='ocrx_word' id='word_1_42' title='bbox 1112 949 1424 1024; x_wconf 82' lang='lat' dir='ltr'>vastasse,</span> <span class='ocrx_word' id='word_1_43' title='bbox 1490 949 1687 1028; x_wconf 85' lang='lat' dir='ltr'>atque</span> <span class='ocrx_word' id='word_1_44' title='bbox 1734 945 2016 1009; x_wconf 83' lang='lat' dir='ltr'>Zonaras</span> <span class='ocrx_word' id='word_1_45' title='bbox 2050 946 2103 1024; x_wconf 85' lang='lat'>2)</span> <span class='ocrx_word' id='word_1_46' title='bbox 2153 944 2311 1011; x_wconf 89' lang='lat' dir='ltr'>satis</span> <span class='ocrx_word' id='word_1_47' title='bbox 2355 950 2656 1010; x_wconf 88' lang='lat' dir='ltr'>accurate</span> 
     </span>
     <span class='ocr_line' id='line_1_7' title="bbox 250 1044 2655 1133; baseline 0.001 -23"><span class='ocrx_word' id='word_1_48' title='bbox 250 1079 255 1082; x_wconf 49' lang='grc'><strong><em>’</em></strong></span> <span class='ocrx_word' id='word_1_49' title='bbox 341 1066 455 1110; x_wconf 87' lang='lat' dir='ltr'>res</span> <span class='ocrx_word' id='word_1_50' title='bbox 500 1065 541 1108; x_wconf 91' lang='lat' dir='ltr'>a</span> <span class='ocrx_word' id='word_1_51' title='bbox 586 1044 815 1109; x_wconf 81' lang='lat' dir='ltr'>Poenis</span> <span class='ocrx_word' id='word_1_52' title='bbox 858 1046 926 1108; x_wconf 89' lang='lat' dir='ltr'>in</span> <span class='ocrx_word' id='word_1_53' title='bbox 972 1044 1192 1111; x_wconf 90' lang='lat' dir='ltr'>Sicilia</span> <span class='ocrx_word' id='word_1_54' title='bbox 1235 1052 1448 1129; x_wconf 88' lang='lat' dir='ltr'>gestas</span> <span class='ocrx_word' id='word_1_55' title='bbox 1493 1051 1749 1126; x_wconf 85' lang='lat' dir='ltr'>narrat,</span> <span class='ocrx_word' id='word_1_56' title='bbox 1794 1048 1905 1113; x_wconf 90' lang='lat' dir='ltr'>sed</span> <span class='ocrx_word' id='word_1_57' title='bbox 1948 1047 2160 1112; x_wconf 87' lang='lat' dir='ltr'>fontes</span> <span class='ocrx_word' id='word_1_58' title='bbox 2207 1068 2427 1113; x_wconf 88' lang='lat' dir='ltr'>eorum</span> <span class='ocrx_word' id='word_1_59' title='bbox 2471 1067 2655 1133; x_wconf 87' lang='lat' dir='ltr'>prae-</span> 
     </span>
     <span class='ocr_line' id='line_1_8' title="bbox 343 1146 2607 1233; baseline -0 -19"><span class='ocrx_word' id='word_1_60' title='bbox 343 1153 451 1214; x_wconf 84' lang='lat' dir='ltr'>ter</span> <span class='ocrx_word' id='word_1_61' title='bbox 497 1146 746 1211; x_wconf 86' lang='lat' dir='ltr'>Livium</span> <span class='ocrx_word' id='word_1_62' title='bbox 793 1152 858 1212; x_wconf 88' lang='lat' dir='ltr'>et</span> <span class='ocrx_word' id='word_1_63' title='bbox 906 1148 1174 1215; x_wconf 89' lang='lat' dir='ltr'>Dionem</span> <span class='ocrx_word' id='word_1_64' title='bbox 1221 1147 1509 1213; x_wconf 88' lang='lat' dir='ltr'>Cassium</span> <span class='ocrx_word' id='word_1_65' title='bbox 1557 1149 1855 1232; x_wconf 88' lang='lat' dir='ltr'>indagari</span> <span class='ocrx_word' id='word_1_66' title='bbox 1901 1171 2027 1215; x_wconf 92' lang='lat' dir='ltr'>non</span> <span class='ocrx_word' id='word_1_67' title='bbox 2072 1156 2361 1233; x_wconf 87' lang='lat' dir='ltr'>possunt.</span> <span class='ocrx_word' id='word_1_68' title='bbox 2603 1147 2607 1151; x_wconf 73' lang='grc'><strong>’</strong></span> 
     </span>
     <span class='ocr_line' id='line_1_9' title="bbox 525 1249 2660 1344; baseline 0.002 -32"><span class='ocrx_word' id='word_1_69' title='bbox 525 1249 619 1315; x_wconf 92' lang='lat' dir='ltr'>De</span> <span class='ocrx_word' id='word_1_70' title='bbox 677 1250 900 1335; x_wconf 79' lang='lat' dir='ltr'>rebus,</span> <span class='ocrx_word' id='word_1_71' title='bbox 974 1271 1142 1335; x_wconf 90' lang='lat' dir='ltr'>quae</span> <span class='ocrx_word' id='word_1_72' title='bbox 1186 1271 1358 1315; x_wconf 90' lang='lat' dir='ltr'>anno</span> <span class='ocrx_word' id='word_1_73' title='bbox 1402 1251 1648 1316; x_wconf 86' lang='lat' dir='ltr'>decimo</span> <span class='ocrx_word' id='word_1_74' title='bbox 1693 1257 1917 1317; x_wconf 87' lang='lat' dir='ltr'>octavo</span> <span class='ocrx_word' id='word_1_75' title='bbox 1977 1251 2136 1344; x_wconf 74' lang='lat' dir='ltr'>belli</span> <span class='ocrx_word' id='word_1_76' title='bbox 2203 1257 2421 1335; x_wconf 85' lang='lat' dir='ltr'>gestae</span> <span class='ocrx_word' id='word_1_77' title='bbox 2487 1257 2660 1333; x_wconf 86' lang='lat' dir='ltr'>sunt,</span> 
     </span>
     <span class='ocr_line' id='line_1_10' title="bbox 343 1352 2654 1438; baseline 0 -19"><span class='ocrx_word' id='word_1_78' title='bbox 343 1353 654 1437; x_wconf 83' lang='lat' dir='ltr'>Polybius</span> <span class='ocrx_word' id='word_1_79' title='bbox 695 1353 953 1437; x_wconf 91' lang='lat' dir='ltr'>quidem</span> <span class='ocrx_word' id='word_1_80' title='bbox 996 1353 1154 1418; x_wconf 89' lang='lat' dir='ltr'>satis</span> <span class='ocrx_word' id='word_1_81' title='bbox 1196 1353 1442 1438; x_wconf 82' lang='lat' dir='ltr'>prolixe</span> <span class='ocrx_word' id='word_1_82' title='bbox 1488 1353 1871 1437; x_wconf 85' lang='lat' dir='ltr'>disputavit,</span> <span class='ocrx_word' id='word_1_83' title='bbox 1930 1352 2039 1419; x_wconf 90' lang='lat' dir='ltr'>sed</span> <span class='ocrx_word' id='word_1_84' title='bbox 2084 1354 2449 1420; x_wconf 81' lang='lat' dir='ltr'>accuratius</span> <span class='ocrx_word' id='word_1_85' title='bbox 2494 1354 2654 1433; x_wconf 88' lang='lat' dir='ltr'>loca,</span> 
     </span>
     <span class='ocr_line' id='line_1_11' title="bbox 348 1452 2658 1542; baseline 0.002 -21"><span class='ocrx_word' id='word_1_86' title='bbox 348 1457 613 1542; x_wconf 90' lang='lat' dir='ltr'>quibus·</span> <span class='ocrx_word' id='word_1_87' title='bbox 647 1476 751 1520; x_wconf 89' lang='lat' dir='ltr'>res</span> <span class='ocrx_word' id='word_1_88' title='bbox 816 1461 1035 1538; x_wconf 82' lang='lat' dir='ltr'>gestae</span> <span class='ocrx_word' id='word_1_89' title='bbox 1102 1456 1232 1521; x_wconf 89' lang='lat' dir='ltr'>sint</span> <span class='ocrx_word' id='word_1_90' title='bbox 1254 1508 1269 1535; x_wconf 86' lang='lat'>‚</span> <span class='ocrx_word' id='word_1_91' title='bbox 1359 1477 1552 1540; x_wconf 85' lang='lat' dir='ltr'>quam</span> <span class='ocrx_word' id='word_1_92' title='bbox 1619 1456 1793 1541; x_wconf 89' lang='lat' dir='ltr'>ipsas</span> <span class='ocrx_word' id='word_1_93' title='bbox 1859 1477 1962 1520; x_wconf 89' lang='lat' dir='ltr'>res</span> <span class='ocrx_word' id='word_1_94' title='bbox 1989 1452 2236 1538; x_wconf 88' lang='lat' dir='ltr'>‘gestas</span> <span class='ocrx_word' id='word_1_95' title='bbox 2303 1457 2658 1542; x_wconf 86' lang='lat' dir='ltr'>descripsit.</span> 
     </span>
     <span class='ocr_line' id='line_1_12' title="bbox 346 1557 2716 1644; baseline 0 -19"><span class='ocrx_word' id='word_1_96' title='bbox 346 1558 655 1642; x_wconf 82' lang='lat' dir='ltr'>Polybius</span> <span class='ocrx_word' id='word_1_97' title='bbox 713 1557 915 1622; x_wconf 85' lang='lat' dir='ltr'>tradit</span> <span class='ocrx_word' id='word_1_98' title='bbox 946 1561 1003 1635; x_wconf 82' lang='lat'>3)</span> <span class='ocrx_word' id='word_1_99' title='bbox 1058 1558 1178 1624; x_wconf 92' lang='lat' dir='ltr'>hoc</span> <span class='ocrx_word' id='word_1_100' title='bbox 1236 1579 1405 1623; x_wconf 90' lang='lat' dir='ltr'>anno</span> <span class='ocrx_word' id='word_1_101' title='bbox 1467 1579 1508 1621; x_wconf 89' lang='lat' dir='ltr'>a</span> <span class='ocrx_word' id='word_1_102' title='bbox 1555 1558 2196 1642; x_wconf 87' lang='lat' dir='ltr'>Carthaginiensibus</span> <span class='ocrx_word' id='word_1_103' title='bbox 2240 1559 2428 1624; x_wconf 88' lang='lat' dir='ltr'>classi</span> <span class='ocrx_word' id='word_1_104' title='bbox 2468 1558 2656 1644; x_wconf 86' lang='lat' dir='ltr'>prae·</span> <span class='ocrx_word' id='word_1_105' title='bbox 2707 1638 2716 1641; x_wconf 26' lang='lat'>=</span> 
     </span>
     <span class='ocr_line' id='line_1_13' title="bbox 345 1661 2658 1747; baseline 0 -20"><span class='ocrx_word' id='word_1_106' title='bbox 345 1662 590 1727; x_wconf 87' lang='lat' dir='ltr'>fectum</span> <span class='ocrx_word' id='word_1_107' title='bbox 635 1681 770 1725; x_wconf 87' lang='lat' dir='ltr'>esse</span> <span class='ocrx_word' id='word_1_108' title='bbox 816 1661 1248 1731; x_wconf 85' lang='lat' dir='ltr'>Hamilcarem</span> <span class='ocrx_word' id='word_1_109' title='bbox 1298 1662 1599 1740; x_wconf 81' lang='lat' dir='ltr'>Baream,</span> <span class='ocrx_word' id='word_1_110' title='bbox 1675 1661 1844 1745; x_wconf 88' lang='lat' dir='ltr'>quod</span> <span class='ocrx_word' id='word_1_111' title='bbox 1892 1662 2176 1726; x_wconf 88' lang='lat' dir='ltr'>Zonaras</span> <span class='ocrx_word' id='word_1_112' title='bbox 2206 1664 2265 1744; x_wconf 79' lang='lat'>⁴)</span> <span class='ocrx_word' id='word_1_113' title='bbox 2324 1661 2454 1726; x_wconf 90' lang='lat' dir='ltr'>iam</span> <span class='ocrx_word' id='word_1_114' title='bbox 2512 1683 2658 1747; x_wconf 91' lang='lat' dir='ltr'>pro·</span> 
     </span>
    </p>
   </div>
   <div class='ocr_carea' id='block_1_4' title="bbox 220 1762 2661 1842">
    <p class='ocr_par' dir='ltr' id='par_1_4' title="bbox 220 1762 2661 1842">
     <span class='ocr_line' id='line_1_14' title="bbox 220 1762 2661 1842; baseline -0.001 -12"><span class='ocrx_word' id='word_1_115' title='bbox 220 1838 231 1842; x_wconf 48' lang='lat'>‚</span> <span class='ocrx_word' id='word_1_116' title='bbox 349 1765 529 1831; x_wconf 85' lang='lat' dir='ltr'>ximo</span> <span class='ocrx_word' id='word_1_117' title='bbox 595 1781 764 1828; x_wconf 89' lang='lat' dir='ltr'>anno</span> <span class='ocrx_word' id='word_1_118' title='bbox 828 1762 1071 1829; x_wconf 88' lang='lat' dir='ltr'>factum</span> <span class='ocrx_word' id='word_1_119' title='bbox 1133 1785 1269 1831; x_wconf 89' lang='lat' dir='ltr'>esse</span> <span class='ocrx_word' id='word_1_120' title='bbox 1334 1762 1633 1828; x_wconf 87' lang='lat' dir='ltr'>affirmat.</span> <span class='ocrx_word' id='word_1_121' title='bbox 1770 1763 2100 1830; x_wconf 85' lang='lat' dir='ltr'>Hamilcar</span> <span class='ocrx_word' id='word_1_122' title='bbox 2173 1765 2520 1829; x_wconf 88' lang='lat' dir='ltr'>Locrorum</span> <span class='ocrx_word' id='word_1_123' title='bbox 2594 1770 2661 1829; x_wconf 91' lang='lat' dir='ltr'>et</span> 
     </span>
    </p>
   </div>
   <div class='ocr_carea' id='block_1_5' title="bbox 350 1865 2735 2464">
    <p class='ocr_par' dir='ltr' id='par_1_5' title="bbox 350 1865 2735 2464">
     <span class='ocr_line' id='line_1_15' title="bbox 350 1865 2660 1951; baseline 0 -19"><span class='ocrx_word' id='word_1_124' title='bbox 350 1867 755 1934; x_wconf 87' lang='lat' dir='ltr'>Bruttiorum</span> <span class='ocrx_word' id='word_1_125' title='bbox 815 1887 1003 1949; x_wconf 86' lang='lat' dir='ltr'>agros</span> <span class='ocrx_word' id='word_1_126' title='bbox 1062 1866 1374 1946; x_wconf 86' lang='lat' dir='ltr'>vastavit,</span> <span class='ocrx_word' id='word_1_127' title='bbox 1449 1865 1679 1932; x_wconf 89' lang='lat' dir='ltr'>deinde</span> <span class='ocrx_word' id='word_1_128' title='bbox 1739 1867 1909 1951; x_wconf 87' lang='lat' dir='ltr'>apud</span> <span class='ocrx_word' id='word_1_129' title='bbox 1972 1868 2358 1931; x_wconf 88' lang='lat' dir='ltr'>Panormum</span> <span class='ocrx_word' id='word_1_130' title='bbox 2413 1866 2660 1933; x_wconf 85' lang='lat' dir='ltr'>Hercta</span> 
     </span>
     <span class='ocr_line' id='line_1_16' title="bbox 350 1968 2658 2054; baseline 0 -20"><span class='ocrx_word' id='word_1_131' title='bbox 350 1973 573 2035; x_wconf 87' lang='lat' dir='ltr'>monte</span> <span class='ocrx_word' id='word_1_132' title='bbox 617 1976 928 2052; x_wconf 89' lang='lat' dir='ltr'>occupato</span> <span class='ocrx_word' id='word_1_133' title='bbox 973 1978 1040 2034; x_wconf 88' lang='lat' dir='ltr'>et</span> <span class='ocrx_word' id='word_1_134' title='bbox 1084 1970 1329 2034; x_wconf 87' lang='lat' dir='ltr'>munito</span> <span class='ocrx_word' id='word_1_135' title='bbox 1385 1990 1500 2053; x_wconf 89' lang='lat' dir='ltr'>per</span> <span class='ocrx_word' id='word_1_136' title='bbox 1543 1975 1677 2033; x_wconf 86' lang='lat' dir='ltr'>tres</span> <span class='ocrx_word' id='word_1_137' title='bbox 1722 1988 1926 2034; x_wconf 90' lang='lat' dir='ltr'>annos</span> <span class='ocrx_word' id='word_1_138' title='bbox 1982 1968 2220 2034; x_wconf 89' lang='lat' dir='ltr'>acriter</span> <span class='ocrx_word' id='word_1_139' title='bbox 2274 1974 2341 2035; x_wconf 91' lang='lat' dir='ltr'>et</span> <span class='ocrx_word' id='word_1_140' title='bbox 2395 1970 2658 2054; x_wconf 87' lang='lat' dir='ltr'>ancipiti</span> 
     </span>
     <span class='ocr_line' id='line_1_17' title="bbox 350 2070 2735 2156; baseline -0.002 -19"><span class='ocrx_word' id='word_1_141' title='bbox 350 2071 567 2137; x_wconf 88' lang='lat' dir='ltr'>Marte</span> <span class='ocrx_word' id='word_1_142' title='bbox 623 2092 767 2136; x_wconf 91' lang='lat' dir='ltr'>cum</span> <span class='ocrx_word' id='word_1_143' title='bbox 828 2071 1137 2137; x_wconf 88' lang='lat' dir='ltr'>Romanis</span> <span class='ocrx_word' id='word_1_144' title='bbox 1198 2071 1526 2156; x_wconf 89' lang='lat' dir='ltr'>pugnavit.</span> <span class='ocrx_word' id='word_1_145' title='bbox 1658 2072 1943 2137; x_wconf 88' lang='lat' dir='ltr'>Zonaras</span> <span class='ocrx_word' id='word_1_146' title='bbox 2018 2070 2222 2136; x_wconf 89' lang='lat' dir='ltr'>multo</span> <span class='ocrx_word' id='word_1_147' title='bbox 2295 2073 2659 2138; x_wconf 89' lang='lat' dir='ltr'>accuratius</span> <span class='ocrx_word' id='word_1_148' title='bbox 2731 2129 2735 2133; x_wconf 89' lang='lat'>.</span> 
     </span>
     <span class='ocr_line' id='line_1_18' title="bbox 352 2168 2659 2259; baseline -0 -20"><span class='ocrx_word' id='word_1_149' title='bbox 352 2195 549 2259; x_wconf 90' lang='lat' dir='ltr'>quam</span> <span class='ocrx_word' id='word_1_150' title='bbox 595 2174 895 2258; x_wconf 89' lang='lat' dir='ltr'>Polybius</span> <span class='ocrx_word' id='word_1_151' title='bbox 940 2194 1043 2239; x_wconf 92' lang='lat' dir='ltr'>res</span> <span class='ocrx_word' id='word_1_152' title='bbox 1088 2175 1419 2258; x_wconf 83' lang='lat' dir='ltr'>exposuit,</span> <span class='ocrx_word' id='word_1_153' title='bbox 1466 2168 1662 2258; x_wconf 87' lang='lat' dir='ltr'>atque</span> <span class='ocrx_word' id='word_1_154' title='bbox 1708 2173 1829 2238; x_wconf 93' lang='lat' dir='ltr'>Dio</span> <span class='ocrx_word' id='word_1_155' title='bbox 1876 2173 2131 2238; x_wconf 84' lang='lat' dir='ltr'>Cassius</span> <span class='ocrx_word' id='word_1_156' title='bbox 2178 2173 2466 2239; x_wconf 79' lang='lat' dir='ltr'>Zonaras</span> <span class='ocrx_word' id='word_1_157' title='bbox 2510 2194 2659 2238; x_wconf 90' lang='lat' dir='ltr'>auc-</span> 
     </span>
     <span class='ocr_line' id='line_1_19' title="bbox 350 2275 2657 2358; baseline -0.002 -14"><span class='ocrx_word' id='word_1_158' title='bbox 350 2283 461 2344; x_wconf 86' lang='lat' dir='ltr'>tor</span> <span class='ocrx_word' id='word_1_159' title='bbox 483 2327 499 2358; x_wconf 92' lang='lat'>,</span> <span class='ocrx_word' id='word_1_160' title='bbox 572 2277 738 2342; x_wconf 87' lang='lat' dir='ltr'>Livii</span> <span class='ocrx_word' id='word_1_161' title='bbox 781 2282 848 2340; x_wconf 91' lang='lat' dir='ltr'>et</span> <span class='ocrx_word' id='word_1_162' title='bbox 891 2276 1155 2341; x_wconf 90' lang='lat' dir='ltr'>Diodori</span> <span class='ocrx_word' id='word_1_163' title='bbox 1199 2277 1604 2343; x_wconf 89' lang='lat' dir='ltr'>narrationes</span> <span class='ocrx_word' id='word_1_164' title='bbox 1648 2275 2122 2341; x_wconf 89' lang='lat' dir='ltr'>contaminasse</span> <span class='ocrx_word' id='word_1_165' title='bbox 2165 2275 2450 2355; x_wconf 85' lang='lat' dir='ltr'>videtur,</span> <span class='ocrx_word' id='word_1_166' title='bbox 2513 2297 2657 2342; x_wconf 93' lang='lat' dir='ltr'>cum</span> 
     </span>
     <span class='ocr_line' id='line_1_20' title="bbox 353 2378 2657 2464; baseline -0 -18"><span class='ocrx_word' id='word_1_167' title='bbox 353 2402 462 2446; x_wconf 88' lang='lat' dir='ltr'>res</span> <span class='ocrx_word' id='word_1_168' title='bbox 506 2401 670 2464; x_wconf 89' lang='lat' dir='ltr'>quae</span> <span class='ocrx_word' id='word_1_169' title='bbox 713 2380 782 2444; x_wconf 91' lang='lat' dir='ltr'>in</span> <span class='ocrx_word' id='word_1_170' title='bbox 828 2378 1047 2445; x_wconf 89' lang='lat' dir='ltr'>Sicilia</span> <span class='ocrx_word' id='word_1_171' title='bbox 1092 2379 1173 2445; x_wconf 90' lang='lat' dir='ltr'>ab</span> <span class='ocrx_word' id='word_1_172' title='bbox 1219 2379 1587 2444; x_wconf 87' lang='lat' dir='ltr'>Hamilcare</span> <span class='ocrx_word' id='word_1_173' title='bbox 1632 2385 1851 2463; x_wconf 82' lang='lat' dir='ltr'>gestae</span> <span class='ocrx_word' id='word_1_174' title='bbox 1896 2384 2084 2458; x_wconf 88' lang='lat' dir='ltr'>sunt,</span> <span class='ocrx_word' id='word_1_175' title='bbox 2149 2399 2187 2443; x_wconf 91' lang='lat' dir='ltr'>a</span> <span class='ocrx_word' id='word_1_176' title='bbox 2234 2378 2485 2444; x_wconf 89' lang='lat' dir='ltr'>Philino</span> <span class='ocrx_word' id='word_1_177' title='bbox 2528 2386 2657 2446; x_wconf 84' lang='lat' dir='ltr'>tra·</span> 
     </span>
    </p>
   </div>
   <div class='ocr_carea' id='block_1_6' title="bbox 186 2480 2662 2567">
    <p class='ocr_par' dir='ltr' id='par_1_6' title="bbox 186 2480 2662 2567">
     <span class='ocr_line' id='line_1_21' title="bbox 186 2480 2662 2567; baseline -0.001 -16"><span class='ocrx_word' id='word_1_178' title='bbox 186 2488 189 2493; x_wconf 84' lang='grc'><strong><em>’</em></strong></span> <span class='ocrx_word' id='word_1_179' title='bbox 300 2489 313 2495; x_wconf 78' lang='grc'><em>“</em></span> <span class='ocrx_word' id='word_1_180' title='bbox 354 2485 530 2551; x_wconf 87' lang='lat' dir='ltr'>ditae</span> <span class='ocrx_word' id='word_1_181' title='bbox 574 2504 711 2550; x_wconf 87' lang='lat' dir='ltr'>esse</span> <span class='ocrx_word' id='word_1_182' title='bbox 752 2483 1122 2562; x_wconf 83' lang='lat' dir='ltr'>videantur,</span> <span class='ocrx_word' id='word_1_183' title='bbox 1188 2483 1297 2567; x_wconf 90' lang='lat' dir='ltr'>qui</span> <span class='ocrx_word' id='word_1_184' title='bbox 1344 2490 1409 2547; x_wconf 93' lang='lat' dir='ltr'>et</span> <span class='ocrx_word' id='word_1_185' title='bbox 1452 2480 1705 2548; x_wconf 90' lang='lat' dir='ltr'>Siciliae</span> <span class='ocrx_word' id='word_1_186' title='bbox 1749 2487 2051 2549; x_wconf 86' lang='lat' dir='ltr'>naturam</span> <span class='ocrx_word' id='word_1_187' title='bbox 2095 2482 2259 2548; x_wconf 89' lang='lat' dir='ltr'>bene</span> <span class='ocrx_word' id='word_1_188' title='bbox 2302 2482 2519 2563; x_wconf 89' lang='lat' dir='ltr'>novit,</span> <span class='ocrx_word' id='word_1_189' title='bbox 2594 2487 2662 2549; x_wconf 92' lang='lat' dir='ltr'>et</span> 
     </span>
    </p>
   </div>
   <div class='ocr_carea' id='block_1_7' title="bbox 351 2585 2663 4008">
    <p class='ocr_par' dir='ltr' id='par_1_7' title="bbox 351 2585 2663 3389">
     <span class='ocr_line' id='line_1_22' title="bbox 354 2585 2657 2671; baseline -0.001 -17"><span class='ocrx_word' id='word_1_190' title='bbox 354 2608 397 2654; x_wconf 87' lang='lat' dir='ltr'>a</span> <span class='ocrx_word' id='word_1_191' title='bbox 442 2586 1066 2671; x_wconf 88' lang='lat' dir='ltr'>Carthaginiensium</span> <span class='ocrx_word' id='word_1_192' title='bbox 1110 2585 1401 2670; x_wconf 85' lang='lat' dir='ltr'>partibus</span> <span class='ocrx_word' id='word_1_193' title='bbox 1445 2585 1660 2664; x_wconf 86' lang='lat' dir='ltr'>stetit,</span> <span class='ocrx_word' id='word_1_194' title='bbox 1720 2604 1823 2648; x_wconf 90' lang='lat' dir='ltr'>res</span> <span class='ocrx_word' id='word_1_195' title='bbox 1867 2589 2085 2649; x_wconf 89' lang='lat' dir='ltr'>autem</span> <span class='ocrx_word' id='word_1_196' title='bbox 2132 2605 2292 2668; x_wconf 89' lang='lat' dir='ltr'>quas</span> <span class='ocrx_word' id='word_1_197' title='bbox 2337 2606 2378 2650; x_wconf 88' lang='lat' dir='ltr'>a</span> <span class='ocrx_word' id='word_1_198' title='bbox 2422 2585 2657 2651; x_wconf 88' lang='lat' dir='ltr'>Roma-</span> 
     </span>
     <span class='ocr_line' id='line_1_23' title="bbox 354 2687 2663 2774; baseline -0 -19"><span class='ocrx_word' id='word_1_199' title='bbox 354 2692 461 2755; x_wconf 88' lang='lat' dir='ltr'>nis</span> <span class='ocrx_word' id='word_1_200' title='bbox 510 2707 814 2774; x_wconf 86' lang='lat' dir='ltr'>prospere</span> <span class='ocrx_word' id='word_1_201' title='bbox 874 2694 1052 2754; x_wconf 90' lang='lat' dir='ltr'>actas</span> <span class='ocrx_word' id='word_1_202' title='bbox 1111 2708 1249 2754; x_wconf 88' lang='lat' dir='ltr'>esse</span> <span class='ocrx_word' id='word_1_203' title='bbox 1308 2689 1593 2752; x_wconf 88' lang='lat' dir='ltr'>Zonaras</span> <span class='ocrx_word' id='word_1_204' title='bbox 1652 2694 2147 2766; x_wconf 89' lang='lat' dir='ltr'>commemorat,</span> <span class='ocrx_word' id='word_1_205' title='bbox 2217 2687 2398 2752; x_wconf 88' lang='lat' dir='ltr'>Livio</span> <span class='ocrx_word' id='word_1_206' title='bbox 2442 2689 2663 2754; x_wconf 87' lang='lat' dir='ltr'>deberi</span> 
     </span>
     <span class='ocr_line' id='line_1_24' title="bbox 351 2790 2661 2878; baseline -0 -19"><span class='ocrx_word' id='word_1_207' title='bbox 351 2793 673 2869; x_wconf 83' lang='lat' dir='ltr'>videntur,</span> <span class='ocrx_word' id='word_1_208' title='bbox 720 2794 873 2878; x_wconf 88' lang='lat' dir='ltr'>quia</span> <span class='ocrx_word' id='word_1_209' title='bbox 917 2793 1367 2872; x_wconf 55' lang='lat' dir='ltr'>Romanorum⁴</span> <span class='ocrx_word' id='word_1_210' title='bbox 1396 2790 1707 2855; x_wconf 87' lang='lat' dir='ltr'>fortitudo</span> <span class='ocrx_word' id='word_1_211' title='bbox 1752 2794 1947 2873; x_wconf 88' lang='lat' dir='ltr'>atque</span> <span class='ocrx_word' id='word_1_212' title='bbox 1992 2791 2235 2855; x_wconf 90' lang='lat' dir='ltr'>astutia</span> <span class='ocrx_word' id='word_1_213' title='bbox 2279 2790 2468 2856; x_wconf 90' lang='lat' dir='ltr'>nimis</span> <span class='ocrx_word' id='word_1_214' title='bbox 2512 2798 2661 2858; x_wconf 86' lang='lat' dir='ltr'>sunt</span> 
     </span>
     <span class='ocr_line' id='line_1_25' title="bbox 354 2892 2660 2977; baseline -0.002 -15"><span class='ocrx_word' id='word_1_215' title='bbox 354 2897 564 2963; x_wconf 88' lang='lat' dir='ltr'>elatae</span> <span class='ocrx_word' id='word_1_216' title='bbox 607 2916 647 2959; x_wconf 89' lang='lat' dir='ltr'>a</span> <span class='ocrx_word' id='word_1_217' title='bbox 696 2897 961 2960; x_wconf 89' lang='lat' dir='ltr'>Zonara.</span> <span class='ocrx_word' id='word_1_218' title='bbox 1070 2894 1413 2959; x_wconf 89' lang='lat' dir='ltr'>Praeterea</span> <span class='ocrx_word' id='word_1_219' title='bbox 1456 2913 1658 2977; x_wconf 91' lang='lat' dir='ltr'>aeque</span> <span class='ocrx_word' id='word_1_220' title='bbox 1703 2899 1900 2977; x_wconf 84' lang='lat' dir='ltr'>atque</span> <span class='ocrx_word' id='word_1_221' title='bbox 1944 2892 2012 2956; x_wconf 90' lang='lat' dir='ltr'>in</span> <span class='ocrx_word' id='word_1_222' title='bbox 2057 2892 2223 2957; x_wconf 80' lang='lat' dir='ltr'>Livii</span> <span class='ocrx_word' id='word_1_223' title='bbox 2266 2894 2570 2977; x_wconf 89' lang='lat' dir='ltr'>periocha</span> <span class='ocrx_word' id='word_1_224' title='bbox 2602 2895 2660 2977; x_wconf 88' lang='lat'>⁵)</span> 
     </span>
     <span class='ocr_line' id='line_1_26' title="bbox 355 2986 2661 3084; baseline -0.002 -19"><span class='ocrx_word' id='word_1_225' title='bbox 355 3000 756 3083; x_wconf 89' lang='lat' dir='ltr'>captivorum</span> <span class='ocrx_word' id='word_1_226' title='bbox 809 2986 1226 3062; x_wconf 79' lang='lat' dir='ltr'>commutati&#39;o</span> <span class='ocrx_word' id='word_1_227' title='bbox 1285 3017 1326 3061; x_wconf 89' lang='lat' dir='ltr'>a</span> <span class='ocrx_word' id='word_1_228' title='bbox 1370 2997 1623 3062; x_wconf 84' lang='lat' dir='ltr'>Zonara</span> <span class='ocrx_word' id='word_1_229' title='bbox 1655 3003 2174 3061; x_wconf 63' lang='lat' dir='ltr'>⁴commemorata</span> <span class='ocrx_word' id='word_1_230' title='bbox 2242 3000 2359 3060; x_wconf 88' lang='lat' dir='ltr'>est.</span> <span class='ocrx_word' id='word_1_231' title='bbox 2430 2986 2436 2992; x_wconf 66' lang='grc'>’</span> <span class='ocrx_word' id='word_1_232' title='bbox 2476 2996 2661 3084; x_wconf 45' lang='lat' dir='ltr'>Polyf</span> 
     </span>
     <span class='ocr_line' id='line_1_27' title="bbox 356 3098 2657 3187; baseline -0.001 -21"><span class='ocrx_word' id='word_1_233' title='bbox 356 3101 463 3167; x_wconf 91' lang='lat' dir='ltr'>bio</span> <span class='ocrx_word' id='word_1_234' title='bbox 495 3102 552 3178; x_wconf 75' lang='grc' dir='ltr'>ὅ)</span> <span class='ocrx_word' id='word_1_235' title='bbox 610 3108 675 3166; x_wconf 92' lang='lat' dir='ltr'>et</span> <span class='ocrx_word' id='word_1_236' title='bbox 730 3101 984 3165; x_wconf 89' lang='lat' dir='ltr'>Zonara</span> <span class='ocrx_word' id='word_1_237' title='bbox 1015 3103 1072 3180; x_wconf 91' lang='lat'>⁷)</span> <span class='ocrx_word' id='word_1_238' title='bbox 1138 3099 1409 3165; x_wconf 80' lang='lat' dir='ltr'>testibus</span> <span class='ocrx_word' id='word_1_239' title='bbox 1477 3120 1595 3183; x_wconf 89' lang='lat' dir='ltr'>per</span> <span class='ocrx_word' id='word_1_240' title='bbox 1656 3103 1789 3163; x_wconf 90' lang='lat' dir='ltr'>tres</span> <span class='ocrx_word' id='word_1_241' title='bbox 1848 3118 2050 3164; x_wconf 89' lang='lat' dir='ltr'>annos</span> <span class='ocrx_word' id='word_1_242' title='bbox 2105 3098 2371 3183; x_wconf 87' lang='lat' dir='ltr'>ancipiti</span> <span class='ocrx_word' id='word_1_243' title='bbox 2433 3098 2657 3187; x_wconf 85' lang='lat' dir='ltr'>Marte</span> 
     </span>
     <span class='ocr_line' id='line_1_28' title="bbox 357 3200 2661 3288; baseline -0 -19"><span class='ocrx_word' id='word_1_244' title='bbox 357 3204 534 3288; x_wconf 87' lang='lat' dir='ltr'>apud</span> <span class='ocrx_word' id='word_1_245' title='bbox 580 3204 846 3287; x_wconf 85' lang='lat' dir='ltr'>Erycem</span> <span class='ocrx_word' id='word_1_246' title='bbox 892 3224 932 3267; x_wconf 89' lang='lat' dir='ltr'>a</span> <span class='ocrx_word' id='word_1_247' title='bbox 977 3203 1281 3267; x_wconf 88' lang='lat' dir='ltr'>Romanis</span> <span class='ocrx_word' id='word_1_248' title='bbox 1328 3206 1393 3267; x_wconf 91' lang='lat' dir='ltr'>et</span> <span class='ocrx_word' id='word_1_249' title='bbox 1435 3200 2077 3285; x_wconf 85' lang='lat' dir='ltr'>Carthaginiensibus</span> <span class='ocrx_word' id='word_1_250' title='bbox 2139 3208 2498 3286; x_wconf 89' lang='lat' dir='ltr'>pugnatum</span> <span class='ocrx_word' id='word_1_251' title='bbox 2544 3208 2661 3284; x_wconf 85' lang='lat' dir='ltr'>est,</span> 
     </span>
     <span class='ocr_line' id='line_1_29' title="bbox 356 3305 1652 3389; baseline -0.003 -17"><span class='ocrx_word' id='word_1_252' title='bbox 356 3305 472 3372; x_wconf 89' lang='lat' dir='ltr'>sed</span> <span class='ocrx_word' id='word_1_253' title='bbox 515 3306 676 3371; x_wconf 88' lang='lat' dir='ltr'>nihil</span> <span class='ocrx_word' id='word_1_254' title='bbox 713 3306 1026 3371; x_wconf 89' lang='lat' dir='ltr'>memoria</span> <span class='ocrx_word' id='word_1_255' title='bbox 1073 3306 1336 3389; x_wconf 89' lang='lat' dir='ltr'>dignum</span> <span class='ocrx_word' id='word_1_256' title='bbox 1381 3312 1652 3387; x_wconf 86' lang='lat' dir='ltr'>gestum.</span> 
     </span>
    </p>

    <p class='ocr_par' dir='ltr' id='par_1_8' title="bbox 352 3406 2660 4008">
     <span class='ocr_line' id='line_1_30' title="bbox 533 3406 2660 3494; baseline 0 -20"><span class='ocrx_word' id='word_1_257' title='bbox 533 3412 718 3474; x_wconf 91' lang='lat' dir='ltr'>Anno</span> <span class='ocrx_word' id='word_1_258' title='bbox 785 3430 843 3474; x_wconf 92' lang='lat' dir='ltr'>a.</span> <span class='ocrx_word' id='word_1_259' title='bbox 904 3431 968 3474; x_wconf 92' lang='lat' dir='ltr'>u.</span> <span class='ocrx_word' id='word_1_260' title='bbox 1014 3430 1066 3473; x_wconf 91' lang='lat' dir='ltr'>c.</span> <span class='ocrx_word' id='word_1_261' title='bbox 1116 3408 1236 3474; x_wconf 88' lang='lat' dir='ltr'>DX</span> <span class='ocrx_word' id='word_1_262' title='bbox 1293 3406 1629 3473; x_wconf 89' lang='lat' dir='ltr'>Hamilcar</span> <span class='ocrx_word' id='word_1_263' title='bbox 1692 3407 1917 3473; x_wconf 90' lang='lat' dir='ltr'>urbem</span> <span class='ocrx_word' id='word_1_264' title='bbox 1983 3409 2153 3494; x_wconf 83' lang='lat' dir='ltr'>cepit</span> <span class='ocrx_word' id='word_1_265' title='bbox 2216 3409 2660 3492; x_wconf 85' lang='lat' dir='ltr'>Erycinorum,</span> 
     </span>
     <span class='ocr_line' id='line_1_31' title="bbox 356 3509 2660 3597; baseline 0 -21"><span class='ocrx_word' id='word_1_266' title='bbox 356 3533 526 3597; x_wconf 89' lang='lat' dir='ltr'>quae</span> <span class='ocrx_word' id='word_1_267' title='bbox 570 3514 696 3576; x_wconf 87' lang='lat' dir='ltr'>sita</span> <span class='ocrx_word' id='word_1_268' title='bbox 738 3518 837 3576; x_wconf 90' lang='lat' dir='ltr'>est</span> <span class='ocrx_word' id='word_1_269' title='bbox 879 3512 947 3576; x_wconf 90' lang='lat' dir='ltr'>in</span> <span class='ocrx_word' id='word_1_270' title='bbox 992 3511 1202 3577; x_wconf 87' lang='lat' dir='ltr'>medio</span> <span class='ocrx_word' id='word_1_271' title='bbox 1248 3512 1553 3589; x_wconf 70' lang='lat' dir='ltr'>montefl).</span> <span class='ocrx_word' id='word_1_272' title='bbox 1609 3509 1884 3576; x_wconf 87' lang='lat' dir='ltr'>Romani</span> <span class='ocrx_word' id='word_1_273' title='bbox 1929 3512 2037 3596; x_wconf 91' lang='lat' dir='ltr'>qui</span> <span class='ocrx_word' id='word_1_274' title='bbox 2085 3511 2151 3576; x_wconf 92' lang='lat' dir='ltr'>in</span> <span class='ocrx_word' id='word_1_275' title='bbox 2196 3513 2431 3577; x_wconf 90' lang='lat' dir='ltr'>montis</span> <span class='ocrx_word' id='word_1_276' title='bbox 2474 3523 2660 3578; x_wconf 89' lang='lat' dir='ltr'>cacu-</span> 
     </span>
     <span class='ocr_line' id='line_1_32' title="bbox 357 3600 2660 3694; baseline 0 -13"><span class='ocrx_word' id='word_1_277' title='bbox 357 3615 532 3683; x_wconf 89' lang='lat' dir='ltr'>mine</span> <span class='ocrx_word' id='word_1_278' title='bbox 591 3623 657 3679; x_wconf 87' lang='lat' dir='ltr'>et</span> <span class='ocrx_word' id='word_1_279' title='bbox 713 3615 932 3680; x_wconf 86' lang='lat' dir='ltr'>radice</span> <span class='ocrx_word' id='word_1_280' title='bbox 991 3620 1204 3680; x_wconf 88' lang='lat' dir='ltr'>castra</span> <span class='ocrx_word' id='word_1_281' title='bbox 1260 3600 1619 3694; x_wconf 83' lang='lat' dir='ltr'>habebant,</span> <span class='ocrx_word' id='word_1_282' title='bbox 1693 3614 2059 3679; x_wconf 89' lang='lat' dir='ltr'>admirabili</span> <span class='ocrx_word' id='word_1_283' title='bbox 2118 3616 2484 3679; x_wconf 85' lang='lat' dir='ltr'>constantia</span> <span class='ocrx_word' id='word_1_284' title='bbox 2531 3616 2660 3683; x_wconf 90' lang='lat' dir='ltr'>Ha·</span> 
     </span>
     <span class='ocr_line' id='line_1_33' title="bbox 356 3717 2659 3802; baseline 0 -19"><span class='ocrx_word' id='word_1_285' title='bbox 356 3717 644 3783; x_wconf 85' lang='lat' dir='ltr'>milcaris</span> <span class='ocrx_word' id='word_1_286' title='bbox 688 3719 1230 3802; x_wconf 87' lang='lat' dir='ltr'>oppugnationem</span> <span class='ocrx_word' id='word_1_287' title='bbox 1274 3718 1739 3782; x_wconf 86' lang='lat' dir='ltr'>sustinuerunt.</span> <span class='ocrx_word' id='word_1_288' title='bbox 1831 3717 2014 3782; x_wconf 90' lang='lat' dir='ltr'>Hanc</span> <span class='ocrx_word' id='word_1_289' title='bbox 2057 3718 2489 3782; x_wconf 88' lang='lat' dir='ltr'>narrationem</span> <span class='ocrx_word' id='word_1_290' title='bbox 2540 3719 2659 3784; x_wconf 94' lang='lat' dir='ltr'>Po-</span> 
     </span>
     <span class='ocr_line' id='line_1_34' title="bbox 352 3818 2659 3907; baseline 0.001 -22"><span class='ocrx_word' id='word_1_291' title='bbox 352 3820 565 3905; x_wconf 86' lang='lat' dir='ltr'>lybius</span> <span class='ocrx_word' id='word_1_292' title='bbox 608 3840 644 3885; x_wconf 88' lang='lat' dir='ltr'>e</span> <span class='ocrx_word' id='word_1_293' title='bbox 687 3820 1223 3900; x_wconf 87' lang='lat' dir='ltr'>Fabiohausisse</span> <span class='ocrx_word' id='word_1_294' title='bbox 1265 3819 1555 3899; x_wconf 87' lang='lat' dir='ltr'>videtur,</span> <span class='ocrx_word' id='word_1_295' title='bbox 1632 3827 1698 3884; x_wconf 91' lang='lat' dir='ltr'>et</span> <span class='ocrx_word' id='word_1_296' title='bbox 1741 3818 1896 3902; x_wconf 89' lang='lat' dir='ltr'>quia</span> <span class='ocrx_word' id='word_1_297' title='bbox 1940 3820 2209 3885; x_wconf 84' lang='lat' dir='ltr'>Fabium</span> <span class='ocrx_word' id='word_1_298' title='bbox 2254 3820 2391 3906; x_wconf 91' lang='lat' dir='ltr'>ipse</span> <span class='ocrx_word' id='word_1_299' title='bbox 2436 3823 2659 3907; x_wconf 90' lang='lat' dir='ltr'>appel·</span> 
     </span>
     <span class='ocr_line' id='line_1_35' title="bbox 354 3921 2660 4008; baseline 0 -19"><span class='ocrx_word' id='word_1_300' title='bbox 354 3924 481 4003; x_wconf 88' lang='lat' dir='ltr'>lat,</span> <span class='ocrx_word' id='word_1_301' title='bbox 542 3927 609 3987; x_wconf 92' lang='lat' dir='ltr'>et</span> <span class='ocrx_word' id='word_1_302' title='bbox 652 3923 806 4008; x_wconf 89' lang='lat' dir='ltr'>quia</span> <span class='ocrx_word' id='word_1_303' title='bbox 850 3924 1288 3989; x_wconf 90' lang='lat' dir='ltr'>Romanorum</span> <span class='ocrx_word' id='word_1_304' title='bbox 1329 3921 1779 3988; x_wconf 84' lang='lat' dir='ltr'>fortitudinem</span> <span class='ocrx_word' id='word_1_305' title='bbox 1822 3921 2008 3988; x_wconf 81' lang='lat' dir='ltr'>valde</span> <span class='ocrx_word' id='word_1_306' title='bbox 2050 3921 2292 3988; x_wconf 88' lang='lat' dir='ltr'>laudat.</span> <span class='ocrx_word' id='word_1_307' title='bbox 2338 3963 2419 3974; x_wconf 93' lang='lat'>-</span> <span class='ocrx_word' id='word_1_308' title='bbox 2508 3924 2660 3990; x_wconf 90' lang='lat' dir='ltr'>Dio-</span> 
     </span>
    </p>
   </div>
   <div class='ocr_carea' id='block_1_8' title="bbox 356 4086 769 4100">
    <p class='ocr_par' dir='ltr' id='par_1_9' title="bbox 356 4086 769 4100">
     <span class='ocr_line' id='line_1_36' title="bbox 356 4086 769 4100; baseline 0 921"><span class='ocrx_word' id='word_1_309' title='bbox 356 4086 769 4100; x_wconf 95' lang='lat' dir='ltr'> </span> 
     </span>
    </p>
   </div>
   <div class='ocr_carea' id='block_1_9' title="bbox 497 4182 2576 4430">
    <p class='ocr_par' dir='ltr' id='par_1_10' title="bbox 497 4182 2576 4430">
     <span class='ocr_line' id='line_1_37' title="bbox 502 4182 2304 4259; baseline -0.003 -18"><span class='ocrx_word' id='word_1_310' title='bbox 502 4188 545 4259; x_wconf 84' lang='lat'>1)</span> <span class='ocrx_word' id='word_1_311' title='bbox 615 4188 710 4255; x_wconf 84' lang='lat' dir='ltr'>IV,</span> <span class='ocrx_word' id='word_1_312' title='bbox 753 4188 836 4242; x_wconf 88' lang='grc'>10.</span> <span class='ocrx_word' id='word_1_313' title='bbox 1025 4186 1068 4256; x_wconf 77' lang='lat'>²)</span> <span class='ocrx_word' id='word_1_314' title='bbox 1141 4186 1300 4255; x_wconf 90' lang='lat' dir='ltr'>VIII,</span> <span class='ocrx_word' id='word_1_315' title='bbox 1341 4188 1422 4241; x_wconf 86' lang='lat'>16.</span> <span class='ocrx_word' id='word_1_316' title='bbox 1598 4184 1644 4254; x_wconf 81' lang='lat'>3)</span> <span class='ocrx_word' id='word_1_317' title='bbox 1717 4185 1773 4252; x_wconf 88' lang='grc' dir='ltr'>Ι,</span> <span class='ocrx_word' id='word_1_318' title='bbox 1813 4185 1899 4239; x_wconf 86' lang='grc'>56.</span> <span class='ocrx_word' id='word_1_319' title='bbox 2074 4182 2120 4253; x_wconf 84' lang='lat'>⁴)</span> <span class='ocrx_word' id='word_1_320' title='bbox 2191 4183 2230 4249; x_wconf 84' lang='lat' dir='ltr'>l,</span> <span class='ocrx_word' id='word_1_321' title='bbox 2265 4182 2304 4237; x_wconf 91' lang='lat'>1.</span> 
     </span>
     <span class='ocr_line' id='line_1_38' title="bbox 499 4268 2576 4345; baseline -0.003 -16"><span class='ocrx_word' id='word_1_322' title='bbox 499 4276 546 4345; x_wconf 88' lang='lat'>5)</span> <span class='ocrx_word' id='word_1_323' title='bbox 614 4276 654 4329; x_wconf 93' lang='grc'>1.</span> <span class='ocrx_word' id='word_1_324' title='bbox 687 4275 836 4330; x_wconf 90' lang='lat' dir='ltr'>XIX.</span> <span class='ocrx_word' id='word_1_325' title='bbox 909 4273 1010 4329; x_wconf 89' lang='lat' dir='ltr'>cfr.</span> <span class='ocrx_word' id='word_1_326' title='bbox 1047 4274 1083 4327; x_wconf 94' lang='lat'>1.</span> <span class='ocrx_word' id='word_1_327' title='bbox 1121 4274 1305 4344; x_wconf 89' lang='lat' dir='ltr'>XXII,</span> <span class='ocrx_word' id='word_1_328' title='bbox 1340 4276 1437 4345; x_wconf 85' lang='lat'>23,</span> <span class='ocrx_word' id='word_1_329' title='bbox 1472 4277 1525 4330; x_wconf 88' lang='grc'>6.</span> <span class='ocrx_word' id='word_1_330' title='bbox 1701 4272 1746 4341; x_wconf 77' lang='grc'>6)</span> <span class='ocrx_word' id='word_1_331' title='bbox 1820 4271 1871 4342; x_wconf 90' lang='grc' dir='ltr'>Ι,</span> <span class='ocrx_word' id='word_1_332' title='bbox 1909 4271 1996 4327; x_wconf 87' lang='grc'>56.</span> <span class='ocrx_word' id='word_1_333' title='bbox 2035 4333 2037 4336; x_wconf 43' lang='grc'><strong>,</strong></span> <span class='ocrx_word' id='word_1_334' title='bbox 2168 4271 2213 4339; x_wconf 80' lang='lat'>⁷)</span> <span class='ocrx_word' id='word_1_335' title='bbox 2286 4268 2449 4336; x_wconf 88' lang='lat' dir='ltr'>VIII,</span> <span class='ocrx_word' id='word_1_336' title='bbox 2494 4271 2576 4324; x_wconf 81' lang='lat'>16.</span> 
     </span>
     <span class='ocr_line' id='line_1_39' title="bbox 497 4360 1149 4430; baseline 0.005 -14"><span class='ocrx_word' id='word_1_337' title='bbox 497 4362 544 4428; x_wconf 83' lang='lat'>8)</span> <span class='ocrx_word' id='word_1_338' title='bbox 611 4361 713 4417; x_wconf 85' lang='lat' dir='ltr'>cfr.</span> <span class='ocrx_word' id='word_1_339' title='bbox 741 4360 933 4430; x_wconf 88' lang='lat' dir='ltr'>Polyb.</span> <span class='ocrx_word' id='word_1_340' title='bbox 968 4361 1025 4430; x_wconf 93' lang='lat' dir='ltr'>I,</span> <span class='ocrx_word' id='word_1_341' title='bbox 1062 4362 1149 4419; x_wconf 80' lang='lat'>58.</span> 
     </span>
    </p>
   </div>
  </div>
 </body>
</html>
