<?xml version="1.0" encoding="UTF-8"?>
<!DOCTYPE html PUBLIC "-//W3C//DTD XHTML 1.0 Transitional//EN"
    "http://www.w3.org/TR/xhtml1/DTD/xhtml1-transitional.dtd">
<html xmlns="http://www.w3.org/1999/xhtml" xml:lang="en" lang="en">
 <head>
  <title>
</title>
<meta http-equiv="Content-Type" content="text/html;charset=utf-8" />
  <meta name='ocr-system' content='tesseract 3.04.00' />
  <meta name='ocr-capabilities' content='ocr_page ocr_carea ocr_par ocr_line ocrx_word'/>
</head>
<body>
  <div class='ocr_page' id='page_1' title='image "./debellipunicipr00neulgoog_0034.png"; bbox 0 0 3088 5021; ppageno 0'>
   <div class='ocr_carea' id='block_1_1' title="bbox 1575 331 1658 393">
    <p class='ocr_par' dir='ltr' id='par_1_1' title="bbox 1575 331 1658 393">
     <span class='ocr_line' id='line_1_1' title="bbox 1575 331 1658 393; baseline 0 0"><span class='ocrx_word' id='word_1_1' title='bbox 1575 331 1658 393; x_wconf 81' lang='lat'><strong>30</strong></span> 
     </span>
    </p>
   </div>
   <div class='ocr_carea' id='block_1_2' title="bbox 464 488 2773 1188">
    <p class='ocr_par' dir='ltr' id='par_1_2' title="bbox 464 488 2768 880">
     <span class='ocr_line' id='line_1_2' title="bbox 464 488 2766 573; baseline -0.002 -16"><span class='ocrx_word' id='word_1_2' title='bbox 464 491 701 557; x_wconf 87' lang='lat' dir='ltr'><strong>eisdem</strong></span> <span class='ocrx_word' id='word_1_3' title='bbox 742 490 879 556; x_wconf 87' lang='lat' dir='ltr'><strong>fere</strong></span> <span class='ocrx_word' id='word_1_4' title='bbox 922 490 1130 556; x_wconf 83' lang='lat' dir='ltr'><strong>verbis</strong></span> <span class='ocrx_word' id='word_1_5' title='bbox 1171 491 1273 555; x_wconf 89' lang='lat' dir='ltr'><strong>usi</strong></span> <span class='ocrx_word' id='word_1_6' title='bbox 1315 491 1473 569; x_wconf 87' lang='lat' dir='ltr'><strong>sint;</strong></span> <span class='ocrx_word' id='word_1_7' title='bbox 1532 490 1753 554; x_wconf 88' lang='lat' dir='ltr'><strong>Livius</strong></span> <span class='ocrx_word' id='word_1_8' title='bbox 1796 494 2011 555; x_wconf 89' lang='lat' dir='ltr'><strong>autem</strong></span> <span class='ocrx_word' id='word_1_9' title='bbox 2054 489 2387 555; x_wconf 84' lang='lat' dir='ltr'><strong>Valerium</strong></span> <span class='ocrx_word' id='word_1_10' title='bbox 2434 488 2766 573; x_wconf 71' lang='lat' dir='ltr'><strong>Antiatem</strong></span> 
     </span>
     <span class='ocr_line' id='line_1_3' title="bbox 464 590 2765 677; baseline -0.002 -19"><span class='ocrx_word' id='word_1_11' title='bbox 464 593 791 672; x_wconf 75' lang='lat' dir='ltr'><strong>adhibuit,</strong></span> <span class='ocrx_word' id='word_1_12' title='bbox 836 594 944 677; x_wconf 92' lang='lat' dir='ltr'><strong>qui</strong></span> <span class='ocrx_word' id='word_1_13' title='bbox 988 592 1167 658; x_wconf 80' lang='lat' dir='ltr'><strong>Fabii</strong></span> <span class='ocrx_word' id='word_1_14' title='bbox 1213 592 1591 656; x_wconf 88' lang='lat' dir='ltr'><strong>iactantiam</strong></span> <span class='ocrx_word' id='word_1_15' title='bbox 1609 642 1624 672; x_wconf 93' lang='lat'><strong>,</strong></span> <span class='ocrx_word' id='word_1_16' title='bbox 1670 612 1863 675; x_wconf 91' lang='lat' dir='ltr'><strong>quam</strong></span> <span class='ocrx_word' id='word_1_17' title='bbox 1911 612 1947 655; x_wconf 89' lang='lat' dir='ltr'><strong>e</strong></span> <span class='ocrx_word' id='word_1_18' title='bbox 1990 590 2255 674; x_wconf 83' lang='lat' dir='ltr'><strong>Polybio</strong></span> <span class='ocrx_word' id='word_1_19' title='bbox 2299 590 2765 675; x_wconf 78' lang='lat' dir='ltr'><strong>cognoscimus,</strong></span> 
     </span>
     <span class='ocr_line' id='line_1_4' title="bbox 464 693 2768 781; baseline -0.002 -20"><span class='ocrx_word' id='word_1_20' title='bbox 464 715 767 781; x_wconf 86' lang='lat' dir='ltr'><strong>superare</strong></span> <span class='ocrx_word' id='word_1_21' title='bbox 825 695 1105 774; x_wconf 80' lang='lat' dir='ltr'><strong>studuit,</strong></span> <span class='ocrx_word' id='word_1_22' title='bbox 1178 713 1321 758; x_wconf 88' lang='lat' dir='ltr'><strong>cum</strong></span> <span class='ocrx_word' id='word_1_23' title='bbox 1379 695 1555 759; x_wconf 90' lang='lat' dir='ltr'><strong>intra</strong></span> <span class='ocrx_word' id='word_1_24' title='bbox 1616 695 1953 776; x_wconf 86' lang='lat' dir='ltr'><strong>sexaginta</strong></span> <span class='ocrx_word' id='word_1_25' title='bbox 1995 693 2130 758; x_wconf 91' lang='lat' dir='ltr'><strong>dies</strong></span> <span class='ocrx_word' id='word_1_26' title='bbox 2175 700 2241 758; x_wconf 91' lang='lat' dir='ltr'><strong>et</strong></span> <span class='ocrx_word' id='word_1_27' title='bbox 2284 693 2547 759; x_wconf 86' lang='lat' dir='ltr'><strong>arbores</strong></span> <span class='ocrx_word' id='word_1_28' title='bbox 2590 694 2768 757; x_wconf 86' lang='lat' dir='ltr'><strong>exci-</strong></span> 
     </span>
     <span class='ocr_line' id='line_1_5' title="bbox 465 793 2498 880; baseline -0.001 -17"><span class='ocrx_word' id='word_1_29' title='bbox 465 819 570 865; x_wconf 88' lang='lat' dir='ltr'><strong>sas</strong></span> <span class='ocrx_word' id='word_1_30' title='bbox 610 803 679 863; x_wconf 90' lang='lat' dir='ltr'><strong>et</strong></span> <span class='ocrx_word' id='word_1_31' title='bbox 719 817 914 861; x_wconf 87' lang='lat' dir='ltr'><strong>naves</strong></span> <span class='ocrx_word' id='word_1_32' title='bbox 958 800 1212 861; x_wconf 87' lang='lat' dir='ltr'><strong>centum</strong></span> <span class='ocrx_word' id='word_1_33' title='bbox 1256 801 1322 861; x_wconf 89' lang='lat' dir='ltr'><strong>et</strong></span> <span class='ocrx_word' id='word_1_34' title='bbox 1366 795 1592 880; x_wconf 89' lang='lat' dir='ltr'><strong>viginti</strong></span> <span class='ocrx_word' id='word_1_35' title='bbox 1647 793 2019 860; x_wconf 86' lang='lat' dir='ltr'><strong>aedificatas</strong></span> <span class='ocrx_word' id='word_1_36' title='bbox 2064 817 2199 861; x_wconf 87' lang='lat' dir='ltr'><strong>esse</strong></span> <span class='ocrx_word' id='word_1_37' title='bbox 2244 796 2498 860; x_wconf 80' lang='lat' dir='ltr'><strong>dixerit.</strong></span> 
     </span>
    </p>

    <p class='ocr_par' dir='ltr' id='par_1_3' title="bbox 465 897 2773 1188">
     <span class='ocr_line' id='line_1_6' title="bbox 637 897 2768 982; baseline -0.002 -17"><span class='ocrx_word' id='word_1_38' title='bbox 637 899 752 965; x_wconf 88' lang='lat' dir='ltr'><strong>Cn.</strong></span> <span class='ocrx_word' id='word_1_39' title='bbox 787 898 1121 964; x_wconf 88' lang='lat' dir='ltr'><strong>Cornelius</strong></span> <span class='ocrx_word' id='word_1_40' title='bbox 1163 897 1375 982; x_wconf 78' lang='lat' dir='ltr'><strong>Scipio</strong></span> <span class='ocrx_word' id='word_1_41' title='bbox 1420 898 1646 963; x_wconf 90' lang='lat' dir='ltr'><strong>consul</strong></span> <span class='ocrx_word' id='word_1_42' title='bbox 1690 919 1834 963; x_wconf 91' lang='lat' dir='ltr'><strong>cum</strong></span> <span class='ocrx_word' id='word_1_43' title='bbox 1865 897 2052 963; x_wconf 89' lang='lat' dir='ltr'><strong>XVII</strong></span> <span class='ocrx_word' id='word_1_44' title='bbox 2096 899 2366 963; x_wconf 86' lang='lat' dir='ltr'><strong>navibus</strong></span> <span class='ocrx_word' id='word_1_45' title='bbox 2399 897 2768 963; x_wconf 77' lang='lat' dir='ltr'><strong>Messanam</strong></span> 
     </span>
     <span class='ocr_line' id='line_1_7' title="bbox 466 998 2769 1089; baseline -0.002 -22"><span class='ocrx_word' id='word_1_46' title='bbox 466 1001 686 1089; x_wconf 90' lang='lat' dir='ltr'><strong>petiit,</strong></span> <span class='ocrx_word' id='word_1_47' title='bbox 757 1006 833 1066; x_wconf 95' lang='lat' dir='ltr'><strong>ut</strong></span> <span class='ocrx_word' id='word_1_48' title='bbox 872 1021 1040 1085; x_wconf 87' lang='lat' dir='ltr'><strong>quae</strong></span> <span class='ocrx_word' id='word_1_49' title='bbox 1099 1000 1458 1065; x_wconf 89' lang='lat' dir='ltr'><strong>necessaria</strong></span> <span class='ocrx_word' id='word_1_50' title='bbox 1502 1006 1717 1069; x_wconf 84' lang='lat' dir='ltr'><strong>essent</strong></span> <span class='ocrx_word' id='word_1_51' title='bbox 1760 1000 1950 1065; x_wconf 81' lang='lat' dir='ltr'><strong>classi</strong></span> <span class='ocrx_word' id='word_1_52' title='bbox 2008 1005 2201 1084; x_wconf 90' lang='lat' dir='ltr'><strong>atque</strong></span> <span class='ocrx_word' id='word_1_53' title='bbox 2246 1000 2559 1064; x_wconf 89' lang='lat' dir='ltr'><strong>exercitui</strong></span> <span class='ocrx_word' id='word_1_54' title='bbox 2601 998 2769 1064; x_wconf 87' lang='lat' dir='ltr'><strong>cele-</strong></span> 
     </span>
     <span class='ocr_line' id='line_1_8' title="bbox 465 1096 2773 1188; baseline -0.002 -19"><span class='ocrx_word' id='word_1_55' title='bbox 465 1106 626 1169; x_wconf 87' lang='lat' dir='ltr'><strong>riter</strong></span> <span class='ocrx_word' id='word_1_56' title='bbox 689 1104 1196 1187; x_wconf 85' lang='lat' dir='ltr'><strong>providerentur.</strong></span> <span class='ocrx_word' id='word_1_57' title='bbox 1319 1102 1505 1181; x_wconf 87' lang='lat' dir='ltr'><strong>Inde,</strong></span> <span class='ocrx_word' id='word_1_58' title='bbox 1582 1108 1744 1166; x_wconf 91' lang='lat' dir='ltr'><strong>teste</strong></span> <span class='ocrx_word' id='word_1_59' title='bbox 1808 1101 2070 1185; x_wconf 85' lang='lat' dir='ltr'><strong>Polybio</strong></span> <span class='ocrx_word' id='word_1_60' title='bbox 2104 1107 2185 1182; x_wconf 90' lang='lat' dir='ltr'><strong>l),</strong></span> <span class='ocrx_word' id='word_1_61' title='bbox 2260 1096 2773 1188; x_wconf 78' lang='grc' dir='ltr'><strong><em>προςπεσούσης</em></strong></span> 
     </span>
    </p>
   </div>
   <div class='ocr_carea' id='block_1_3' title="bbox 468 1199 2826 1292">
    <p class='ocr_par' dir='ltr' id='par_1_4' title="bbox 468 1199 2826 1292">
     <span class='ocr_line' id='line_1_9' title="bbox 468 1199 2826 1292; baseline -0.002 -21"><span class='ocrx_word' id='word_1_62' title='bbox 468 1199 645 1292; x_wconf 69' lang='grc' dir='ltr'><strong>αὐτῷ</strong></span> <span class='ocrx_word' id='word_1_63' title='bbox 708 1200 1003 1291; x_wconf 79' lang='grc' dir='ltr'><em>πράξεως</em></span> <span class='ocrx_word' id='word_1_64' title='bbox 1065 1201 1221 1289; x_wconf 78' lang='grc' dir='ltr'><strong><em>περὶ</em></strong></span> <span class='ocrx_word' id='word_1_65' title='bbox 1284 1208 1403 1291; x_wconf 84' lang='grc' dir='ltr'><strong>τῆς</strong></span> <span class='ocrx_word' id='word_1_66' title='bbox 1463 1207 1594 1269; x_wconf 81' lang='grc' dir='ltr'><strong>τῶν</strong></span> <span class='ocrx_word' id='word_1_67' title='bbox 1661 1200 2068 1290; x_wconf 79' lang='grc' dir='ltr'><strong><em>Λιπαραίων</em></strong></span> <span class='ocrx_word' id='word_1_68' title='bbox 2130 1200 2388 1283; x_wconf 82' lang='grc' dir='ltr'><strong><em>πόλεως</em></strong></span> <span class='ocrx_word' id='word_1_69' title='bbox 2457 1205 2770 1288; x_wconf 87' lang='lat' dir='ltr'><strong>Liparam</strong></span> <span class='ocrx_word' id='word_1_70' title='bbox 2815 1224 2826 1227; x_wconf 74' lang='grc'><em>“</em></span> 
     </span>
    </p>
   </div>
   <div class='ocr_carea' id='block_1_4' title="bbox 427 1305 2783 3949">
    <p class='ocr_par' dir='ltr' id='par_1_5' title="bbox 427 1305 2783 3949">
     <span class='ocr_line' id='line_1_10' title="bbox 468 1305 2769 1392; baseline -0.002 -18"><span class='ocrx_word' id='word_1_71' title='bbox 468 1311 738 1375; x_wconf 83' lang='lat' dir='ltr'><strong>navibus</strong></span> <span class='ocrx_word' id='word_1_72' title='bbox 776 1307 1137 1385; x_wconf 83' lang='lat' dir='ltr'><strong>contendit,</strong></span> <span class='ocrx_word' id='word_1_73' title='bbox 1197 1306 1308 1373; x_wconf 84' lang='lat' dir='ltr'><strong>ubi</strong></span> <span class='ocrx_word' id='word_1_74' title='bbox 1361 1328 1400 1371; x_wconf 92' lang='lat' dir='ltr'><strong>a</strong></span> <span class='ocrx_word' id='word_1_75' title='bbox 1447 1305 1662 1371; x_wconf 92' lang='lat' dir='ltr'><strong>Boode</strong></span> <span class='ocrx_word' id='word_1_76' title='bbox 1706 1328 1895 1390; x_wconf 91' lang='lat' dir='ltr'><strong>quem</strong></span> <span class='ocrx_word' id='word_1_77' title='bbox 1942 1307 2566 1392; x_wconf 85' lang='lat' dir='ltr'><strong>Carthaginiensium</strong></span> <span class='ocrx_word' id='word_1_78' title='bbox 2610 1305 2769 1384; x_wconf 76' lang='lat' dir='ltr'><strong>duX,</strong></span> 
     </span>
     <span class='ocr_line' id='line_1_11' title="bbox 471 1407 2774 1489; baseline -0.003 -11"><span class='ocrx_word' id='word_1_79' title='bbox 471 1411 829 1489; x_wconf 84' lang='lat' dir='ltr'><strong>Hannibal,</strong></span> <span class='ocrx_word' id='word_1_80' title='bbox 876 1409 1018 1474; x_wconf 84' lang='lat' dir='ltr'><strong>cum</strong></span> <span class='ocrx_word' id='word_1_81' title='bbox 1063 1408 1184 1473; x_wconf 89' lang='lat' dir='ltr'><strong>XX</strong></span> <span class='ocrx_word' id='word_1_82' title='bbox 1227 1408 1497 1474; x_wconf 89' lang='lat' dir='ltr'><strong>navibus</strong></span> <span class='ocrx_word' id='word_1_83' title='bbox 1541 1409 1840 1489; x_wconf 86' lang='lat' dir='ltr'><strong>miserat,</strong></span> <span class='ocrx_word' id='word_1_84' title='bbox 1885 1412 2352 1476; x_wconf 88' lang='lat' dir='ltr'><strong>circumventus</strong></span> <span class='ocrx_word' id='word_1_85' title='bbox 2396 1416 2508 1475; x_wconf 90' lang='lat' dir='ltr'><strong>est.</strong></span> <span class='ocrx_word' id='word_1_86' title='bbox 2596 1407 2774 1474; x_wconf 88' lang='lat' dir='ltr'><strong>Socii</strong></span> 
     </span>
     <span class='ocr_line' id='line_1_12' title="bbox 472 1510 2768 1595; baseline -0.003 -14"><span class='ocrx_word' id='word_1_87' title='bbox 472 1514 732 1581; x_wconf 87' lang='lat' dir='ltr'><strong>navales</strong></span> <span class='ocrx_word' id='word_1_88' title='bbox 804 1511 1126 1595; x_wconf 88' lang='lat' dir='ltr'><strong>ceterique</strong></span> <span class='ocrx_word' id='word_1_89' title='bbox 1184 1510 1460 1575; x_wconf 84' lang='lat' dir='ltr'><strong>Romani</strong></span> <span class='ocrx_word' id='word_1_90' title='bbox 1532 1531 1568 1574; x_wconf 90' lang='lat' dir='ltr'><strong>e</strong></span> <span class='ocrx_word' id='word_1_91' title='bbox 1643 1511 1912 1577; x_wconf 89' lang='lat' dir='ltr'><strong>navibus</strong></span> <span class='ocrx_word' id='word_1_92' title='bbox 1988 1513 2054 1577; x_wconf 90' lang='lat' dir='ltr'><strong>in</strong></span> <span class='ocrx_word' id='word_1_93' title='bbox 2128 1518 2367 1578; x_wconf 89' lang='lat' dir='ltr'><strong>terram</strong></span> <span class='ocrx_word' id='word_1_94' title='bbox 2441 1512 2768 1595; x_wconf 86' lang='lat' dir='ltr'><strong>fugerunt,</strong></span> 
     </span>
     <span class='ocr_line' id='line_1_13' title="bbox 474 1608 2775 1701; baseline -0.002 -18"><span class='ocrx_word' id='word_1_95' title='bbox 474 1618 709 1684; x_wconf 87' lang='lat' dir='ltr'><strong>Cneius</strong></span> <span class='ocrx_word' id='word_1_96' title='bbox 755 1620 970 1681; x_wconf 86' lang='lat' dir='ltr'><strong>autem</strong></span> <span class='ocrx_word' id='word_1_97' title='bbox 1016 1612 1259 1696; x_wconf 88' lang='lat' dir='ltr'><strong>Scipi0,</strong></span> <span class='ocrx_word' id='word_1_98' title='bbox 1333 1619 1405 1677; x_wconf 90' lang='lat' dir='ltr'><strong>ut</strong></span> <span class='ocrx_word' id='word_1_99' title='bbox 1447 1612 1747 1696; x_wconf 80' lang='lat' dir='ltr'><strong>Polybius</strong></span> <span class='ocrx_word' id='word_1_100' title='bbox 1792 1614 1985 1680; x_wconf 86' lang='lat' dir='ltr'><strong>dicit:</strong></span> <span class='ocrx_word' id='word_1_101' title='bbox 2042 1611 2373 1701; x_wconf 76' lang='grc' dir='ltr'><em>ἑκπαγλὴς</em></span> <span class='ocrx_word' id='word_1_102' title='bbox 2427 1608 2775 1700; x_wconf 75' lang='grc' dir='ltr'><em>γενόμενος</em></span> 
     </span>
     <span class='ocr_line' id='line_1_14' title="bbox 472 1706 2773 1802; baseline -0.002 -18"><span class='ocrx_word' id='word_1_103' title='bbox 472 1717 584 1784; x_wconf 80' lang='grc' dir='ltr'><strong>καὶ</strong></span> <span class='ocrx_word' id='word_1_104' title='bbox 627 1720 848 1785; x_wconf 77' lang='grc' dir='ltr'><em>ποιεῖν</em></span> <span class='ocrx_word' id='word_1_105' title='bbox 893 1711 1053 1797; x_wconf 47' lang='lat' dir='ltr'><strong>&amp;gom</strong></span> <span class='ocrx_word' id='word_1_106' title='bbox 1081 1706 1270 1780; x_wconf 76' lang='grc' dir='ltr'><em>οὐδὲν</em></span> <span class='ocrx_word' id='word_1_107' title='bbox 1312 1714 1603 1781; x_wconf 88' lang='lat' dir='ltr'><strong>hostibus</strong></span> <span class='ocrx_word' id='word_1_108' title='bbox 1647 1737 1713 1781; x_wconf 88' lang='lat' dir='ltr'><strong>se</strong></span> <span class='ocrx_word' id='word_1_109' title='bbox 1759 1715 1954 1781; x_wconf 88' lang='lat' dir='ltr'><strong>dedit.</strong></span> <span class='ocrx_word' id='word_1_110' title='bbox 2045 1716 2608 1802; x_wconf 84' lang='lat' dir='ltr'><strong>Carthaginienses</strong></span> <span class='ocrx_word' id='word_1_111' title='bbox 2652 1737 2773 1781; x_wconf 87' lang='lat' dir='ltr'><strong>na·-</strong></span> 
     </span>
     <span class='ocr_line' id='line_1_15' title="bbox 473 1817 2773 1902; baseline -0.003 -16"><span class='ocrx_word' id='word_1_112' title='bbox 473 1822 657 1888; x_wconf 90' lang='lat' dir='ltr'><strong>vibus</strong></span> <span class='ocrx_word' id='word_1_113' title='bbox 701 1827 767 1886; x_wconf 88' lang='lat' dir='ltr'><strong>et</strong></span> <span class='ocrx_word' id='word_1_114' title='bbox 808 1820 969 1885; x_wconf 90' lang='lat' dir='ltr'><strong>duce</strong></span> <span class='ocrx_word' id='word_1_115' title='bbox 1014 1817 1443 1883; x_wconf 90' lang='lat' dir='ltr'><strong>Romanorum</strong></span> <span class='ocrx_word' id='word_1_116' title='bbox 1504 1818 1693 1902; x_wconf 90' lang='lat' dir='ltr'><strong>potiti</strong></span> <span class='ocrx_word' id='word_1_117' title='bbox 1739 1817 2072 1884; x_wconf 88' lang='lat' dir='ltr'><strong>confestim</strong></span> <span class='ocrx_word' id='word_1_118' title='bbox 2117 1819 2504 1884; x_wconf 90' lang='lat' dir='ltr'><strong>Panormum</strong></span> <span class='ocrx_word' id='word_1_119' title='bbox 2563 1817 2773 1883; x_wconf 76' lang='lat' dir='ltr'><strong>redis-.-</strong></span> 
     </span>
     <span class='ocr_line' id='line_1_16' title="bbox 475 1913 2773 2005; baseline -0.002 -16"><span class='ocrx_word' id='word_1_120' title='bbox 475 1928 645 1990; x_wconf 89' lang='lat' dir='ltr'><strong>runt.</strong></span> <span class='ocrx_word' id='word_1_121' title='bbox 731 1919 1031 2004; x_wconf 83' lang='lat' dir='ltr'><strong>Polybius</strong></span> <span class='ocrx_word' id='word_1_122' title='bbox 1074 1919 1277 2003; x_wconf 87' lang='lat' dir='ltr'><strong>ipsam</strong></span> <span class='ocrx_word' id='word_1_123' title='bbox 1323 1940 1614 1998; x_wconf 87' lang='lat' dir='ltr'><strong>causam,</strong></span> <span class='ocrx_word' id='word_1_124' title='bbox 1678 1941 1791 1985; x_wconf 91' lang='lat' dir='ltr'><strong>cur</strong></span> <span class='ocrx_word' id='word_1_125' title='bbox 1834 1919 2044 2005; x_wconf 87' lang='lat' dir='ltr'><strong>Scipio</strong></span> <span class='ocrx_word' id='word_1_126' title='bbox 2088 1913 2387 2005; x_wconf 89' lang='lat' dir='ltr'><strong>Liparam</strong></span> <span class='ocrx_word' id='word_1_127' title='bbox 2433 1920 2773 2003; x_wconf 86' lang='lat' dir='ltr'><strong>navigave-</strong></span> 
     </span>
     <span class='ocr_line' id='line_1_17' title="bbox 475 2021 2771 2105; baseline -0.002 -14"><span class='ocrx_word' id='word_1_128' title='bbox 475 2026 591 2105; x_wconf 85' lang='lat' dir='ltr'><strong>rit,</strong></span> <span class='ocrx_word' id='word_1_129' title='bbox 665 2044 793 2090; x_wconf 88' lang='lat' dir='ltr'><strong>non</strong></span> <span class='ocrx_word' id='word_1_130' title='bbox 851 2021 1073 2087; x_wconf 82' lang='lat' dir='ltr'><strong>attulit</strong></span> <span class='ocrx_word' id='word_1_131' title='bbox 1093 2072 1111 2101; x_wconf 93' lang='lat'><strong>,</strong></span> <span class='ocrx_word' id='word_1_132' title='bbox 1185 2022 1381 2086; x_wconf 87' lang='lat' dir='ltr'><strong>ceteri</strong></span> <span class='ocrx_word' id='word_1_133' title='bbox 1426 2021 1771 2105; x_wconf 90' lang='lat' dir='ltr'><strong>scriptores</strong></span> <span class='ocrx_word' id='word_1_134' title='bbox 1810 2043 2031 2089; x_wconf 88' lang='lat' dir='ltr'><strong>omnes</strong></span> <span class='ocrx_word' id='word_1_135' title='bbox 2072 2029 2276 2089; x_wconf 87' lang='lat' dir='ltr'><strong>totam</strong></span> <span class='ocrx_word' id='word_1_136' title='bbox 2320 2045 2451 2092; x_wconf 90' lang='lat' dir='ltr'><strong>rem</strong></span> <span class='ocrx_word' id='word_1_137' title='bbox 2500 2022 2771 2088; x_wconf 88' lang='lat' dir='ltr'><strong>Cartha-</strong></span> 
     </span>
     <span class='ocr_line' id='line_1_18' title="bbox 477 2122 2773 2212; baseline -0.001 -20"><span class='ocrx_word' id='word_1_138' title='bbox 477 2126 857 2212; x_wconf 87' lang='lat' dir='ltr'><strong>giniensium</strong></span> <span class='ocrx_word' id='word_1_139' title='bbox 901 2124 1048 2189; x_wconf 91' lang='lat' dir='ltr'><strong>dolo</strong></span> <span class='ocrx_word' id='word_1_140' title='bbox 1092 2130 1156 2188; x_wconf 88' lang='lat' dir='ltr'><strong>et</strong></span> <span class='ocrx_word' id='word_1_141' title='bbox 1212 2122 1484 2207; x_wconf 89' lang='lat' dir='ltr'><strong>perfidia</strong></span> <span class='ocrx_word' id='word_1_142' title='bbox 1530 2122 1826 2190; x_wconf 85' lang='lat' dir='ltr'><strong>effectam</strong></span> <span class='ocrx_word' id='word_1_143' title='bbox 1873 2145 2010 2190; x_wconf 87' lang='lat' dir='ltr'><strong>esse</strong></span> <span class='ocrx_word' id='word_1_144' title='bbox 2036 2125 2392 2192; x_wconf 85' lang='lat' dir='ltr'><strong>affirmant.</strong></span> <span class='ocrx_word' id='word_1_145' title='bbox 2509 2125 2773 2208; x_wconf 85' lang='lat' dir='ltr'><strong>Polyae-</strong></span> 
     </span>
     <span class='ocr_line' id='line_1_19' title="bbox 477 2226 2774 2311; baseline -0.001 -16"><span class='ocrx_word' id='word_1_146' title='bbox 477 2250 599 2296; x_wconf 88' lang='lat' dir='ltr'><strong>nus</strong></span> <span class='ocrx_word' id='word_1_147' title='bbox 632 2230 689 2308; x_wconf 84' lang='lat'><strong>2)</strong></span> <span class='ocrx_word' id='word_1_148' title='bbox 752 2233 819 2292; x_wconf 90' lang='lat' dir='ltr'><strong>et</strong></span> <span class='ocrx_word' id='word_1_149' title='bbox 876 2226 1162 2291; x_wconf 86' lang='lat' dir='ltr'><strong>Zonaras</strong></span> <span class='ocrx_word' id='word_1_150' title='bbox 1190 2228 1255 2308; x_wconf 87' lang='grc'><strong>3)</strong></span> <span class='ocrx_word' id='word_1_151' title='bbox 1315 2226 1619 2306; x_wconf 88' lang='lat' dir='ltr'><strong>tradunt,</strong></span> <span class='ocrx_word' id='word_1_152' title='bbox 1692 2226 2255 2311; x_wconf 83' lang='lat' dir='ltr'><strong>Carthaginienses</strong></span> <span class='ocrx_word' id='word_1_153' title='bbox 2301 2229 2594 2295; x_wconf 89' lang='lat' dir='ltr'><strong>Cornelio</strong></span> <span class='ocrx_word' id='word_1_154' title='bbox 2638 2227 2774 2292; x_wconf 89' lang='lat' dir='ltr'><strong>Sci·</strong></span> 
     </span>
     <span class='ocr_line' id='line_1_20' title="bbox 478 2327 2773 2417; baseline 0 -21"><span class='ocrx_word' id='word_1_155' title='bbox 478 2332 652 2417; x_wconf 90' lang='lat' dir='ltr'><strong>pioni</strong></span> <span class='ocrx_word' id='word_1_156' title='bbox 696 2350 810 2415; x_wconf 92' lang='lat' dir='ltr'><strong>per</strong></span> <span class='ocrx_word' id='word_1_157' title='bbox 846 2328 1214 2412; x_wconf 85' lang='lat' dir='ltr'><strong>transfugas</strong></span> <span class='ocrx_word' id='word_1_158' title='bbox 1258 2347 1433 2412; x_wconf 90' lang='lat' dir='ltr'><strong>spem</strong></span> <span class='ocrx_word' id='word_1_159' title='bbox 1477 2327 1812 2407; x_wconf 88' lang='lat' dir='ltr'><strong>indidisse,</strong></span> <span class='ocrx_word' id='word_1_160' title='bbox 1856 2329 1990 2397; x_wconf 86' lang='lat' dir='ltr'><strong>fore</strong></span> <span class='ocrx_word' id='word_1_161' title='bbox 2022 2336 2095 2396; x_wconf 91' lang='lat' dir='ltr'><strong>ut</strong></span> <span class='ocrx_word' id='word_1_162' title='bbox 2126 2331 2346 2397; x_wconf 81' lang='lat' dir='ltr'><strong>urbem</strong></span> <span class='ocrx_word' id='word_1_163' title='bbox 2386 2338 2452 2397; x_wconf 91' lang='lat' dir='ltr'><strong>et</strong></span> <span class='ocrx_word' id='word_1_164' title='bbox 2492 2331 2773 2396; x_wconf 90' lang='lat' dir='ltr'><strong>insulam</strong></span> 
     </span>
     <span class='ocr_line' id='line_1_21' title="bbox 481 2429 2775 2522; baseline -0 -23"><span class='ocrx_word' id='word_1_165' title='bbox 481 2434 785 2521; x_wconf 87' lang='lat' dir='ltr'><strong>Liparam</strong></span> <span class='ocrx_word' id='word_1_166' title='bbox 829 2429 1188 2516; x_wconf 88' lang='lat' dir='ltr'><strong>proditione</strong></span> <span class='ocrx_word' id='word_1_167' title='bbox 1231 2430 1464 2515; x_wconf 90' lang='lat' dir='ltr'><strong>capiat,</strong></span> <span class='ocrx_word' id='word_1_168' title='bbox 1511 2432 1625 2516; x_wconf 88' lang='lat' dir='ltr'><strong>qui</strong></span> <span class='ocrx_word' id='word_1_169' title='bbox 1654 2451 1797 2495; x_wconf 90' lang='lat' dir='ltr'><strong>cum</strong></span> <span class='ocrx_word' id='word_1_170' title='bbox 1831 2432 2135 2522; x_wconf 78' lang='lat' dir='ltr'><strong>Liparam</strong></span> <span class='ocrx_word' id='word_1_171' title='bbox 2166 2434 2444 2499; x_wconf 87' lang='lat' dir='ltr'><strong>venisset</strong></span> <span class='ocrx_word' id='word_1_172' title='bbox 2486 2455 2525 2499; x_wconf 91' lang='lat' dir='ltr'><strong>a</strong></span> <span class='ocrx_word' id='word_1_173' title='bbox 2554 2433 2775 2499; x_wconf 90' lang='lat' dir='ltr'><strong>Boode</strong></span> 
     </span>
     <span class='ocr_line' id='line_1_22' title="bbox 481 2533 2778 2618; baseline -0 -16"><span class='ocrx_word' id='word_1_174' title='bbox 481 2537 749 2603; x_wconf 87' lang='lat' dir='ltr'><strong>insidias</strong></span> <span class='ocrx_word' id='word_1_175' title='bbox 791 2541 1064 2618; x_wconf 89' lang='lat' dir='ltr'><strong>parante</strong></span> <span class='ocrx_word' id='word_1_176' title='bbox 1108 2533 1167 2598; x_wconf 89' lang='lat' dir='ltr'><strong>ei</strong></span> <span class='ocrx_word' id='word_1_177' title='bbox 1210 2534 1681 2599; x_wconf 86' lang='lat' dir='ltr'><strong>circumventus</strong></span> <span class='ocrx_word' id='word_1_178' title='bbox 1724 2537 1837 2615; x_wconf 83' lang='lat' dir='ltr'><strong>sit3</strong></span> <span class='ocrx_word' id='word_1_179' title='bbox 1885 2534 2201 2615; x_wconf 82' lang='lat' dir='ltr'><strong>Boodem‚</strong></span> <span class='ocrx_word' id='word_1_180' title='bbox 2247 2557 2391 2601; x_wconf 90' lang='lat' dir='ltr'><strong>cum</strong></span> <span class='ocrx_word' id='word_1_181' title='bbox 2439 2536 2778 2603; x_wconf 90' lang='lat' dir='ltr'><strong>Cornelius</strong></span> 
     </span>
     <span class='ocr_line' id='line_1_23' title="bbox 482 2635 2781 2724; baseline -0 -20"><span class='ocrx_word' id='word_1_182' title='bbox 482 2640 696 2723; x_wconf 89' lang='lat' dir='ltr'><strong>Scipio</strong></span> <span class='ocrx_word' id='word_1_183' title='bbox 740 2635 1174 2702; x_wconf 88' lang='lat' dir='ltr'><strong>defensionem</strong></span> <span class='ocrx_word' id='word_1_184' title='bbox 1217 2638 1574 2719; x_wconf 82' lang='lat' dir='ltr'><strong>paraverit,</strong></span> <span class='ocrx_word' id='word_1_185' title='bbox 1620 2637 1953 2702; x_wconf 89' lang='lat' dir='ltr'><strong>timentem</strong></span> <span class='ocrx_word' id='word_1_186' title='bbox 2000 2637 2433 2703; x_wconf 90' lang='lat' dir='ltr'><strong>Romanorum</strong></span> <span class='ocrx_word' id='word_1_187' title='bbox 2478 2639 2781 2724; x_wconf 88' lang='lat' dir='ltr'><strong>despera-</strong></span> 
     </span>
     <span class='ocr_line' id='line_1_24' title="bbox 483 2736 2779 2832; baseline -0 -26"><span class='ocrx_word' id='word_1_188' title='bbox 483 2742 761 2818; x_wconf 89' lang='lat' dir='ltr'><strong>tionem,</strong></span> <span class='ocrx_word' id='word_1_189' title='bbox 836 2758 982 2803; x_wconf 91' lang='lat' dir='ltr'><strong>eum</strong></span> <span class='ocrx_word' id='word_1_190' title='bbox 1027 2736 1112 2802; x_wconf 89' lang='lat' dir='ltr'><strong>ad</strong></span> <span class='ocrx_word' id='word_1_191' title='bbox 1155 2758 1379 2820; x_wconf 88' lang='lat' dir='ltr'><strong>pacem</strong></span> <span class='ocrx_word' id='word_1_192' title='bbox 1420 2737 1781 2832; x_wconf 82' lang='lat' dir='ltr'><strong>faciendam</strong></span> <span class='ocrx_word' id='word_1_193' title='bbox 1841 2760 2217 2823; x_wconf 86' lang='lat' dir='ltr'><strong>provocasse</strong></span> <span class='ocrx_word' id='word_1_194' title='bbox 2262 2746 2328 2806; x_wconf 90' lang='lat' dir='ltr'><strong>et</strong></span> <span class='ocrx_word' id='word_1_195' title='bbox 2382 2741 2779 2826; x_wconf 85' lang='lat' dir='ltr'><strong>persuasisse</strong></span> 
     </span>
     <span class='ocr_line' id='line_1_25' title="bbox 485 2839 2780 2924; baseline 0 -15"><span class='ocrx_word' id='word_1_196' title='bbox 485 2842 546 2910; x_wconf 85' lang='lat' dir='ltr'><strong>ei</strong></span> <span class='ocrx_word' id='word_1_197' title='bbox 603 2847 668 2908; x_wconf 90' lang='lat' dir='ltr'><strong>et</strong></span> <span class='ocrx_word' id='word_1_198' title='bbox 724 2840 1003 2905; x_wconf 90' lang='lat' dir='ltr'><strong>tribunis</strong></span> <span class='ocrx_word' id='word_1_199' title='bbox 1063 2839 1340 2905; x_wconf 90' lang='lat' dir='ltr'><strong>militum</strong></span> <span class='ocrx_word' id='word_1_200' title='bbox 1397 2847 1472 2905; x_wconf 86' lang='lat' dir='ltr'><strong>ut</strong></span> <span class='ocrx_word' id='word_1_201' title='bbox 1527 2840 2155 2924; x_wconf 86' lang='lat' dir='ltr'><strong>Carthaginiensium</strong></span> <span class='ocrx_word' id='word_1_202' title='bbox 2213 2864 2374 2909; x_wconf 84' lang='lat' dir='ltr'><strong>nave</strong></span> <span class='ocrx_word' id='word_1_203' title='bbox 2432 2863 2780 2910; x_wconf 88' lang='lat' dir='ltr'><strong>conscensa</strong></span> 
     </span>
     <span class='ocr_line' id='line_1_26' title="bbox 487 2941 2776 3030; baseline -0 -19"><span class='ocrx_word' id='word_1_204' title='bbox 487 2965 631 3011; x_wconf 90' lang='lat' dir='ltr'><strong>cum</strong></span> <span class='ocrx_word' id='word_1_205' title='bbox 689 2941 1054 3009; x_wconf 86' lang='lat' dir='ltr'><strong>Hannibale</strong></span> <span class='ocrx_word' id='word_1_206' title='bbox 1112 2943 1192 3007; x_wconf 90' lang='lat' dir='ltr'><strong>de</strong></span> <span class='ocrx_word' id='word_1_207' title='bbox 1250 2942 1429 3026; x_wconf 89' lang='lat' dir='ltr'><strong>pacis</strong></span> <span class='ocrx_word' id='word_1_208' title='bbox 1489 2944 1956 3009; x_wconf 88' lang='lat' dir='ltr'><strong>conditionibus</strong></span> <span class='ocrx_word' id='word_1_209' title='bbox 2022 2952 2334 3029; x_wconf 82' lang='lat' dir='ltr'><strong>agerent3</strong></span> <span class='ocrx_word' id='word_1_210' title='bbox 2422 2967 2548 3030; x_wconf 91' lang='lat' dir='ltr'><strong>quo</strong></span> <span class='ocrx_word' id='word_1_211' title='bbox 2604 2946 2776 3011; x_wconf 86' lang='lat' dir='ltr'><strong>facto</strong></span> 
     </span>
     <span class='ocr_line' id='line_1_27' title="bbox 487 3044 2778 3132; baseline 0 -19"><span class='ocrx_word' id='word_1_212' title='bbox 487 3052 709 3132; x_wconf 92' lang='lat' dir='ltr'><strong>captos</strong></span> <span class='ocrx_word' id='word_1_213' title='bbox 754 3044 1075 3109; x_wconf 85' lang='lat' dir='ltr'><strong>Romanos</strong></span> <span class='ocrx_word' id='word_1_214' title='bbox 1120 3044 1580 3127; x_wconf 84' lang='lat' dir='ltr'><strong>Carthaginem</strong></span> <span class='ocrx_word' id='word_1_215' title='bbox 1640 3047 1864 3112; x_wconf 88' lang='lat' dir='ltr'><strong>missos</strong></span> <span class='ocrx_word' id='word_1_216' title='bbox 1917 3067 2072 3112; x_wconf 90' lang='lat' dir='ltr'><strong>esse.</strong></span> <span class='ocrx_word' id='word_1_217' title='bbox 2204 3048 2507 3131; x_wconf 88' lang='lat' dir='ltr'><strong>Polyaeni</strong></span> <span class='ocrx_word' id='word_1_218' title='bbox 2552 3053 2618 3113; x_wconf 92' lang='lat' dir='ltr'><strong>et</strong></span> <span class='ocrx_word' id='word_1_219' title='bbox 2662 3047 2778 3114; x_wconf 92' lang='lat' dir='ltr'><strong>Zo-</strong></span> 
     </span>
     <span class='ocr_line' id='line_1_28' title="bbox 489 3146 2778 3222; baseline 0.001 -8"><span class='ocrx_word' id='word_1_220' title='bbox 489 3169 684 3215; x_wconf 86' lang='lat' dir='ltr'><strong>narae</strong></span> <span class='ocrx_word' id='word_1_221' title='bbox 730 3148 1132 3222; x_wconf 79' lang='lat' dir='ltr'><strong>narrationes</strong></span> <span class='ocrx_word' id='word_1_222' title='bbox 1194 3146 1289 3210; x_wconf 88' lang='lat' dir='ltr'><strong>ita</strong></span> <span class='ocrx_word' id='word_1_223' title='bbox 1329 3148 1738 3214; x_wconf 87' lang='lat' dir='ltr'><strong>consentiunt</strong></span> <span class='ocrx_word' id='word_1_224' title='bbox 1781 3155 1855 3214; x_wconf 90' lang='lat' dir='ltr'><strong>ut</strong></span> <span class='ocrx_word' id='word_1_225' title='bbox 1898 3171 1976 3216; x_wconf 87' lang='lat' dir='ltr'><strong>ex</strong></span> <span class='ocrx_word' id='word_1_226' title='bbox 2021 3150 2242 3216; x_wconf 89' lang='lat' dir='ltr'><strong>eodem</strong></span> <span class='ocrx_word' id='word_1_227' title='bbox 2288 3150 2466 3215; x_wconf 86' lang='lat' dir='ltr'><strong>fonte</strong></span> <span class='ocrx_word' id='word_1_228' title='bbox 2508 3150 2778 3218; x_wconf 53' lang='lat' dir='ltr'><strong>hausta}</strong></span> 
     </span>
     <span class='ocr_line' id='line_1_29' title="bbox 488 3248 2777 3337; baseline 0 -20"><span class='ocrx_word' id='word_1_229' title='bbox 488 3271 626 3318; x_wconf 87' lang='lat' dir='ltr'><strong>esse</strong></span> <span class='ocrx_word' id='word_1_230' title='bbox 671 3249 1049 3328; x_wconf 86' lang='lat' dir='ltr'><strong>videantur,</strong></span> <span class='ocrx_word' id='word_1_231' title='bbox 1124 3248 1226 3311; x_wconf 81' lang='lat' dir='ltr'><strong>vel</strong></span> <span class='ocrx_word' id='word_1_232' title='bbox 1269 3253 1344 3313; x_wconf 94' lang='lat' dir='ltr'><strong>ut</strong></span> <span class='ocrx_word' id='word_1_233' title='bbox 1384 3251 1749 3315; x_wconf 86' lang='lat' dir='ltr'><strong>accuratius</strong></span> <span class='ocrx_word' id='word_1_234' title='bbox 1793 3251 2061 3336; x_wconf 90' lang='lat' dir='ltr'><strong>loquar:</strong></span> <span class='ocrx_word' id='word_1_235' title='bbox 2138 3254 2496 3337; x_wconf 84' lang='lat' dir='ltr'><strong>Polyaenus</strong></span> <span class='ocrx_word' id='word_1_236' title='bbox 2547 3258 2614 3318; x_wconf 92' lang='lat' dir='ltr'><strong>et</strong></span> <span class='ocrx_word' id='word_1_237' title='bbox 2659 3253 2777 3318; x_wconf 90' lang='lat' dir='ltr'><strong>Dio</strong></span> 
     </span>
     <span class='ocr_line' id='line_1_30' title="bbox 492 3350 2778 3431; baseline 0 -11"><span class='ocrx_word' id='word_1_238' title='bbox 492 3353 751 3420; x_wconf 87' lang='lat' dir='ltr'><strong>Cassius</strong></span> <span class='ocrx_word' id='word_1_239' title='bbox 796 3350 1145 3416; x_wconf 91' lang='lat' dir='ltr'><strong>Diodorum</strong></span> <span class='ocrx_word' id='word_1_240' title='bbox 1204 3352 1406 3415; x_wconf 86' lang='lat' dir='ltr'><strong>secuti</strong></span> <span class='ocrx_word' id='word_1_241' title='bbox 1468 3358 1655 3431; x_wconf 90' lang='lat' dir='ltr'><strong>sunt,</strong></span> <span class='ocrx_word' id='word_1_242' title='bbox 1736 3354 1983 3419; x_wconf 55' lang='lat' dir='ltr'><strong>Dionis-</strong></span> <span class='ocrx_word' id='word_1_243' title='bbox 1999 3353 2200 3419; x_wconf 88' lang='lat' dir='ltr'><strong>Cassii</strong></span> <span class='ocrx_word' id='word_1_244' title='bbox 2257 3355 2455 3420; x_wconf 89' lang='lat' dir='ltr'><strong>libros</strong></span> <span class='ocrx_word' id='word_1_245' title='bbox 2501 3356 2778 3421; x_wconf 84' lang='lat' dir='ltr'><strong>Zonaras</strong></span> 
     </span>
     <span class='ocr_line' id='line_1_31' title="bbox 491 3453 2774 3540; baseline 0 -18"><span class='ocrx_word' id='word_1_246' title='bbox 491 3453 845 3537; x_wconf 86' lang='lat' dir='ltr'><strong>exscripsit.</strong></span> <span class='ocrx_word' id='word_1_247' title='bbox 979 3453 1295 3518; x_wconf 89' lang='lat' dir='ltr'><strong>Diodorus</strong></span> <span class='ocrx_word' id='word_1_248' title='bbox 1339 3458 1556 3518; x_wconf 88' lang='lat' dir='ltr'><strong>autem</strong></span> <span class='ocrx_word' id='word_1_249' title='bbox 1601 3454 1897 3534; x_wconf 88' lang='lat' dir='ltr'><strong>Fabium,</strong></span> <span class='ocrx_word' id='word_1_250' title='bbox 1951 3456 2273 3540; x_wconf 49' lang='lat' dir='ltr'><strong>*Polybius</strong></span> <span class='ocrx_word' id='word_1_251' title='bbox 2320 3457 2636 3523; x_wconf 90' lang='lat' dir='ltr'><strong>Philinum</strong></span> <span class='ocrx_word' id='word_1_252' title='bbox 2685 3459 2774 3523; x_wconf 87' lang='lat' dir='ltr'><strong>in·</strong></span> 
     </span>
     <span class='ocr_line' id='line_1_32' title="bbox 427 3554 2777 3644; baseline 0 -21"><span class='ocrx_word' id='word_1_253' title='bbox 427 3627 431 3634; x_wconf 64' lang='grc'><strong>,</strong></span> <span class='ocrx_word' id='word_1_254' title='bbox 492 3557 773 3642; x_wconf 90' lang='lat' dir='ltr'><strong>spexisse</strong></span> <span class='ocrx_word' id='word_1_255' title='bbox 819 3555 1098 3631; x_wconf 81' lang='lat' dir='ltr'><strong>videtur,</strong></span> <span class='ocrx_word' id='word_1_256' title='bbox 1144 3555 1213 3619; x_wconf 90' lang='lat' dir='ltr'><strong>in</strong></span> <span class='ocrx_word' id='word_1_257' title='bbox 1253 3554 1559 3638; x_wconf 90' lang='lat' dir='ltr'><strong>Polyaeni</strong></span> <span class='ocrx_word' id='word_1_258' title='bbox 1603 3562 1670 3620; x_wconf 92' lang='lat' dir='ltr'><strong>et</strong></span> <span class='ocrx_word' id='word_1_259' title='bbox 1700 3557 1985 3623; x_wconf 90' lang='lat' dir='ltr'><strong>Zonarae</strong></span> <span class='ocrx_word' id='word_1_260' title='bbox 2030 3559 2209 3624; x_wconf 86' lang='lat' dir='ltr'><strong>libris</strong></span> <span class='ocrx_word' id='word_1_261' title='bbox 2240 3560 2598 3624; x_wconf 91' lang='lat' dir='ltr'><strong>Poenorum</strong></span> <span class='ocrx_word' id='word_1_262' title='bbox 2638 3581 2777 3644; x_wconf 90' lang='lat' dir='ltr'><strong>per-</strong></span> 
     </span>
     <span class='ocr_line' id='line_1_33' title="bbox 492 3654 2778 3744; baseline 0.001 -19"><span class='ocrx_word' id='word_1_263' title='bbox 492 3659 650 3725; x_wconf 90' lang='lat' dir='ltr'><strong>fidia</strong></span> <span class='ocrx_word' id='word_1_264' title='bbox 692 3664 759 3723; x_wconf 90' lang='lat' dir='ltr'><strong>et</strong></span> <span class='ocrx_word' id='word_1_265' title='bbox 799 3657 1057 3740; x_wconf 87' lang='lat' dir='ltr'><strong>ignavia</strong></span> <span class='ocrx_word' id='word_1_266' title='bbox 1075 3659 1132 3734; x_wconf 79' lang='lat'><strong>4)</strong></span> <span class='ocrx_word' id='word_1_267' title='bbox 1179 3654 1552 3738; x_wconf 89' lang='lat' dir='ltr'><strong>efferuntur,</strong></span> <span class='ocrx_word' id='word_1_268' title='bbox 1594 3659 1764 3742; x_wconf 89' lang='lat' dir='ltr'><strong>apud</strong></span> <span class='ocrx_word' id='word_1_269' title='bbox 1790 3659 2121 3743; x_wconf 88' lang='lat' dir='ltr'><strong>Polybium</strong></span> <span class='ocrx_word' id='word_1_270' title='bbox 2158 3661 2778 3744; x_wconf 86' lang='lat' dir='ltr'><strong>Carthaginiensium</strong></span> 
     </span>
     <span class='ocr_line' id='line_1_34' title="bbox 473 3760 2783 3851; baseline 0.001 -24"><span class='ocrx_word' id='word_1_271' title='bbox 473 3761 680 3851; x_wconf 64' lang='lat' dir='ltr'><strong>&gt;dolus</strong></span> <span class='ocrx_word' id='word_1_272' title='bbox 723 3781 854 3826; x_wconf 89' lang='lat' dir='ltr'><strong>non</strong></span> <span class='ocrx_word' id='word_1_273' title='bbox 896 3764 1462 3839; x_wconf 85' lang='lat' dir='ltr'><strong>commemoratur,</strong></span> <span class='ocrx_word' id='word_1_274' title='bbox 1538 3760 1646 3826; x_wconf 88' lang='lat' dir='ltr'><strong>sed</strong></span> <span class='ocrx_word' id='word_1_275' title='bbox 1694 3761 2007 3846; x_wconf 85' lang='lat' dir='ltr'><strong>Scipionis</strong></span> <span class='ocrx_word' id='word_1_276' title='bbox 2048 3783 2247 3847; x_wconf 87' lang='lat' dir='ltr'><strong>pavor</strong></span> <span class='ocrx_word' id='word_1_277' title='bbox 2289 3769 2354 3830; x_wconf 93' lang='lat' dir='ltr'><strong>et</strong></span> <span class='ocrx_word' id='word_1_278' title='bbox 2393 3764 2651 3846; x_wconf 80' lang='lat' dir='ltr'><strong>ignavia</strong></span> <span class='ocrx_word' id='word_1_279' title='bbox 2694 3766 2783 3829; x_wconf 85' lang='lat' dir='ltr'><strong>vi-</strong></span> 
     </span>
     <span class='ocr_line' id='line_1_35' title="bbox 493 3860 2780 3949; baseline 0 -19"><span class='ocrx_word' id='word_1_280' title='bbox 493 3866 892 3948; x_wconf 88' lang='lat' dir='ltr'><strong>tuperantur.</strong></span> <span class='ocrx_word' id='word_1_281' title='bbox 981 3860 1198 3926; x_wconf 87' lang='lat' dir='ltr'><strong>Livius</strong></span> <span class='ocrx_word' id='word_1_282' title='bbox 1228 3863 1285 3943; x_wconf 85' lang='lat'><strong>⁵)</strong></span> <span class='ocrx_word' id='word_1_283' title='bbox 1342 3867 1538 3946; x_wconf 86' lang='lat' dir='ltr'><strong>atque</strong></span> <span class='ocrx_word' id='word_1_284' title='bbox 1583 3863 1694 3946; x_wconf 90' lang='lat' dir='ltr'><strong>qui</strong></span> <span class='ocrx_word' id='word_1_285' title='bbox 1737 3863 1920 3929; x_wconf 90' lang='lat' dir='ltr'><strong>illum</strong></span> <span class='ocrx_word' id='word_1_286' title='bbox 1964 3866 2165 3931; x_wconf 88' lang='lat' dir='ltr'><strong>secuti</strong></span> <span class='ocrx_word' id='word_1_287' title='bbox 2210 3872 2391 3949; x_wconf 88' lang='lat' dir='ltr'><strong>sunt,</strong></span> <span class='ocrx_word' id='word_1_288' title='bbox 2448 3865 2675 3932; x_wconf 89' lang='lat' dir='ltr'><strong>Florus</strong></span> <span class='ocrx_word' id='word_1_289' title='bbox 2707 3868 2780 3949; x_wconf 78' lang='grc'><strong>6),</strong></span> 
     </span>
    </p>
   </div>
   <div class='ocr_carea' id='block_1_5' title="bbox 499 4018 905 4029">
    <p class='ocr_par' dir='ltr' id='par_1_6' title="bbox 499 4018 905 4029">
     <span class='ocr_line' id='line_1_36' title="bbox 499 4018 905 4029; baseline 0 992"><span class='ocrx_word' id='word_1_290' title='bbox 499 4018 905 4029; x_wconf 95' lang='lat' dir='ltr'><strong> </strong></span> 
     </span>
    </p>
   </div>
   <div class='ocr_carea' id='block_1_6' title="bbox 638 4114 2781 4275">
    <p class='ocr_par' dir='ltr' id='par_1_7' title="bbox 638 4114 2781 4275">
     <span class='ocr_line' id='line_1_37' title="bbox 640 4114 2175 4189; baseline -0.001 -15"><span class='ocrx_word' id='word_1_291' title='bbox 640 4118 715 4186; x_wconf 80' lang='lat'><strong>1).</strong></span> <span class='ocrx_word' id='word_1_292' title='bbox 755 4116 807 4171; x_wconf 91' lang='lat'><strong>1.</strong></span> <span class='ocrx_word' id='word_1_293' title='bbox 844 4116 930 4189; x_wconf 68' lang='lat'><strong>21.</strong></span> <span class='ocrx_word' id='word_1_294' title='bbox 1137 4114 1184 4184; x_wconf 83' lang='lat'><strong>2)</strong></span> <span class='ocrx_word' id='word_1_295' title='bbox 1253 4115 1356 4183; x_wconf 85' lang='lat' dir='ltr'><strong>VI,</strong></span> <span class='ocrx_word' id='word_1_296' title='bbox 1395 4116 1482 4184; x_wconf 87' lang='lat'><strong>16,</strong></span> <span class='ocrx_word' id='word_1_297' title='bbox 1521 4119 1569 4170; x_wconf 83' lang='lat'><strong>5.</strong></span> <span class='ocrx_word' id='word_1_298' title='bbox 1777 4118 1823 4188; x_wconf 76' lang='lat'><strong>³)</strong></span> <span class='ocrx_word' id='word_1_299' title='bbox 1895 4117 2051 4189; x_wconf 84' lang='lat' dir='ltr'><strong>vm,</strong></span> <span class='ocrx_word' id='word_1_300' title='bbox 2092 4120 2175 4173; x_wconf 89' lang='lat'><strong>10.</strong></span> 
     </span>
     <span class='ocr_line' id='line_1_38' title="bbox 638 4199 2781 4275; baseline 0.003 -18"><span class='ocrx_word' id='word_1_301' title='bbox 638 4204 683 4274; x_wconf 82' lang='lat'><strong>⁴)</strong></span> <span class='ocrx_word' id='word_1_302' title='bbox 755 4204 886 4258; x_wconf 90' lang='lat' dir='ltr'><strong>Zon.</strong></span> <span class='ocrx_word' id='word_1_303' title='bbox 921 4199 1081 4271; x_wconf 88' lang='lat' dir='ltr'><strong>VIII,</strong></span> <span class='ocrx_word' id='word_1_304' title='bbox 1124 4205 1219 4256; x_wconf 87' lang='lat'><strong>10:</strong></span> <span class='ocrx_word' id='word_1_305' title='bbox 1277 4201 1465 4262; x_wconf 81' lang='grc' dir='ltr'><strong><em>δείσας</em></strong></span> <span class='ocrx_word' id='word_1_306' title='bbox 1499 4203 1704 4263; x_wconf 70' lang='grc' dir='ltr'><strong><em>ἐκεῖνος</em></strong></span> <span class='ocrx_word' id='word_1_307' title='bbox 1742 4205 1838 4274; x_wconf 89' lang='lat' dir='ltr'><strong>(sc.</strong></span> <span class='ocrx_word' id='word_1_308' title='bbox 1881 4203 2121 4275; x_wconf 78' lang='grc' dir='ltr'>Βοώδης)</span> <span class='ocrx_word' id='word_1_309' title='bbox 2157 4201 2258 4272; x_wconf 82' lang='grc' dir='ltr'><strong>τὴν</strong></span> <span class='ocrx_word' id='word_1_310' title='bbox 2295 4200 2571 4259; x_wconf 76' lang='grc' dir='ltr'><strong><em>ἀπόνοιαν</em></strong></span> <span class='ocrx_word' id='word_1_311' title='bbox 2606 4202 2781 4261; x_wconf 74' lang='grc' dir='ltr'><strong><em>αὐτῶν</em></strong></span> 
     </span>
    </p>
   </div>
   <div class='ocr_carea' id='block_1_7' title="bbox 497 4286 2802 4363">
    <p class='ocr_par' dir='ltr' id='par_1_8' title="bbox 497 4286 2802 4363">
     <span class='ocr_line' id='line_1_39' title="bbox 497 4286 2802 4363; baseline 0.002 -17"><span class='ocrx_word' id='word_1_312' title='bbox 497 4292 592 4363; x_wconf 80' lang='lat' dir='ltr'><strong>(sc.</strong></span> <span class='ocrx_word' id='word_1_313' title='bbox 627 4293 738 4343; x_wconf 73' lang='grc' dir='ltr'><strong>τῶν</strong></span> <span class='ocrx_word' id='word_1_314' title='bbox 769 4286 1085 4359; x_wconf 80' lang='grc' dir='ltr'>Ῥωμαίων).</span> <span class='ocrx_word' id='word_1_315' title='bbox 1265 4291 1307 4359; x_wconf 82' lang='lat'><strong>⁶)</strong></span> <span class='ocrx_word' id='word_1_316' title='bbox 1375 4291 1620 4361; x_wconf 80' lang='lat' dir='ltr'><strong>perioch.</strong></span> <span class='ocrx_word' id='word_1_317' title='bbox 1656 4292 1693 4346; x_wconf 90' lang='lat'><strong>1.</strong></span> <span class='ocrx_word' id='word_1_318' title='bbox 1730 4292 1901 4348; x_wconf 90' lang='lat' dir='ltr'><strong>XVII.</strong></span> <span class='ocrx_word' id='word_1_319' title='bbox 2076 4293 2122 4363; x_wconf 78' lang='grc'><strong>6)</strong></span> <span class='ocrx_word' id='word_1_320' title='bbox 2191 4310 2248 4363; x_wconf 87' lang='lat' dir='ltr'><strong>p.</strong></span> <span class='ocrx_word' id='word_1_321' title='bbox 2281 4295 2370 4350; x_wconf 85' lang='lat'><strong>29.</strong></span> <span class='ocrx_word' id='word_1_322' title='bbox 2411 4293 2495 4350; x_wconf 84' lang='lat' dir='ltr'><strong>ed.</strong></span> <span class='ocrx_word' id='word_1_323' title='bbox 2528 4292 2693 4350; x_wconf 85' lang='lat' dir='ltr'><strong>Jahn.</strong></span> <span class='ocrx_word' id='word_1_324' title='bbox 2796 4346 2802 4350; x_wconf 85' lang='lat'><strong>.</strong></span> 
     </span>
    </p>
   </div>
   <div class='ocr_carea' id='block_1_8' title="bbox 2835 4167 2884 4178">
    <p class='ocr_par' dir='ltr' id='par_1_9' title="bbox 2835 4167 2884 4178">
     <span class='ocr_line' id='line_1_40' title="bbox 2835 4167 2884 4178; baseline -0.041 0"><span class='ocrx_word' id='word_1_325' title='bbox 2835 4167 2884 4178; x_wconf 56' lang='lat' dir='ltr'><strong>z·-</strong></span> 
     </span>
    </p>
   </div>
   <div class='ocr_carea' id='block_1_9' title="bbox 2983 0 3077 4995">
    <p class='ocr_par' dir='ltr' id='par_1_10' title="bbox 2983 0 3077 4995">
     <span class='ocr_line' id='line_1_41' title="bbox 2983 0 3077 4995; baseline 0 0"><span class='ocrx_word' id='word_1_326' title='bbox 2983 0 3077 4995; x_wconf 95' lang='lat' dir='ltr'><strong> </strong></span> 
     </span>
    </p>
   </div>
  </div>
 </body>
</html>
