3088 5021
409 3809 417 3820 '
528 3807 695 3871 libus
739 3817 1247 3874 commemorata
1291 3811 1536 3876 invenit
1570 3812 1660 3889 ⁷),
1707 3810 1948 3875 Romae
1996 3815 2062 3873 et
2104 3814 2244 3873 tota
2274 3808 2468 3871 Italia
2509 3807 2648 3872 visa
2691 3827 2833 3872 esse

1540 324 1750 446 §34⁶

523 540 752 584 manus
795 519 1043 585 conseri
1085 518 1444 604 potuerint,
1501 516 1905 596 discessisse3
1972 520 2109 581 tum
2157 514 2524 582 Cornelium
2568 517 2828 584 Olbiam

520 623 820 688 adortum
862 641 1031 698 esse,
1106 621 1214 686 sed
1260 642 1406 685 cum
1451 618 2018 700 Carthaginienses
2060 619 2311 684 advecti
2365 619 2534 700 sint,
2612 621 2827 704 ipsum

522 731 699 789 metu
759 723 1124 807 perculsum
1180 723 1431 788 abiisse.
1553 722 1759 787 Huius
1819 722 2210 787 narrationis
2264 727 2487 787 auctor
2531 714 2864 788 Philinus*

521 826 718 890 fuisse
766 824 1053 903 videtur,
1130 847 1271 890 cum
1321 824 1597 890 Romani
1642 825 2013 908 scriptores,
2089 845 2360 908 quorum
2411 826 2828 901 narrationes

520 928 588 992 in
635 927 889 993 Valerio
937 928 1199 992 Antiate
1259 928 1655 1003 innituntur,
1728 926 1923 990 etiam
1970 925 2223 992 Olbiam
2283 947 2324 991 a
2369 926 2666 992 Cornelio
2714 949 2826 993 ex-

518 1034 872 1114 pugnatam
915 1050 1052 1092 esse
1097 1029 1380 1093 tradant.
1489 1027 1720 1092 ‹Livius
1763 1027 1922 1092 mihi
1971 1030 2087 1093 hoc
2133 1028 2271 1094 loco
2318 1029 2645 1094 Valerium
2694 1032 2827 1094 An-

517 1133 746 1195 tiatem
790 1136 1044 1196 secutus
1089 1151 1226 1194 esse
1275 1122 1527 1195 videtur
1554 1179 1570 1208 ‚
1643 1131 1797 1213 quia
1842 1129 2137 1213 Polybius
2180 1131 2259 1195 de
2305 1130 2591 1207 Cornelii
2634 1152 2825 1215 expe-

521 1233 761 1298 ditione
820 1252 1084 1315 prorsus
1126 1231 1298 1310 silet,
1374 1248 1565 1314 quam
1614 1232 1750 1296 sine
1814 1232 1993 1316 gravi
2040 1231 2824 1314 Scipionum-offensione,

521 1335 903 1418 quibuscum
968 1334 1254 1399 amicitia
1323 1333 1582 1398 iunctus
1647 1339 1789 1398 erat
1812 1383 1831 1413 ,
1905 1332 2200 1398 omittere
2266 1337 2392 1397 non
2459 1335 2700 1418 potuit,
2773 1335 2831 1399 si

519 1436 732 1521 Scipio
796 1438 865 1501 in
923 1437 1184 1502 Corsica
1241 1443 1307 1502 et
1362 1435 1664 1501 Sardinia
1728 1441 1863 1499 tam
1921 1455 2191 1518 magnas
2245 1441 2447 1518 atque
2512 1436 2829 1519 gloriosas

517 1559 620 1604 res
663 1540 948 1620 gesserit.
1079 1538 1205 1602 Sed
1251 1538 1478 1602 Ihnius
1516 1543 1571 1616 ¹)
1619 1538 1748 1601 iam
1793 1542 1963 1602 recte
2009 1537 2522 1614 commonefecit,
2597 1538 2825 1601 inscri-

518 1642 839 1724 ptionem,
917 1660 1082 1724 quae
1138 1640 1204 1702 in
1251 1639 1323 1703 L.
1374 1638 1656 1704 Cornelii
1701 1637 2015 1723 Scipionis
2057 1638 2350 1722 sepulcro
2394 1638 2597 1703 incisa
2642 1638 2829 1704 nobis

516 1748 772 1806 servata
815 1747 945 1821 est,
1020 1740 1099 1805 de
1144 1741 1460 1825 Scipionis
1504 1741 1910 1824 expeditione
1969 1742 2033 1805 in
2081 1740 2443 1805 Sardiniam
2506 1739 2669 1804 nihil
2722 1761 2826 1805 re-

517 1844 726 1919 ferre,
791 1844 1012 1927 itaque
1057 1845 1122 1907 in
1169 1844 1357 1908 fastis
1403 1843 1820 1927 Capitolinis,
1881 1843 1946 1906 in
1993 1843 2226 1925 quibus
2269 1843 2340 1906 L.
2388 1840 2665 1907 Cornelii
2709 1843 2827 1906 tri·

517 1945 792 2028 umphus
837 1944 918 2009 de
961 1945 1181 2011 Sardis
1225 1951 1789 2022 commemoratur,
1832 1952 2119 2028 tempore
2163 1935 2289 2028 quo
2335 1965 2490 2027 gens
2521 1943 2825 2009 Cornelia

517 2066 768 2111 summo
811 2046 1051 2112 honore
1095 2048 1320 2126 fuerit,
1389 2047 1570 2111 illum
1614 2046 2014 2130 triumphum
2060 2046 2279 2111 furtim
2325 2059 2462 2110 esse
2506 2046 2821 2128 additum,

516 2186 600 2197 —
692 2149 741 2212 E
799 2149 1052 2214 Zonara
1085 2151 1136 2229 2)
1197 2150 1469 2232 denique
1529 2149 1963 2232 cognoscimus
2020 2149 2084 2213 in
2146 2148 2365 2213 Sicilia
2422 2148 2491 2212 C.
2552 2148 2822 2212 Florum

515 2250 918 2331 hibernasse,
998 2250 1431 2316 Hamilcarem
1486 2256 1705 2314 autem
1765 2256 1970 2315 totam
2013 2251 2146 2316 fere
2192 2250 2473 2314 insulam
2519 2252 2586 2314 in
2633 2249 2825 2314 ditio·

517 2373 660 2416 nem
723 2373 905 2417 suam
968 2353 1287 2436 redegisse
1311 2403 1327 2432 ,
1415 2372 1580 2436 quae
1641 2352 1924 2416 narratio
1980 2358 2152 2417 certe
2213 2352 2465 2416 Philino
2527 2351 2823 2430 debetur,

512 2476 657 2521 cum
714 2454 1017 2537 Polybius
1055 2458 1109 2531 ³)
1174 2456 1442 2521 Fabium
1506 2442 1763 2520 secutus
1832 2453 1992 2519 nihil
2056 2455 2364 2520 memoria
2424 2453 2688 2539 dignum
2753 2454 2824 2519 in

514 2557 736 2622 Sicilia
779 2562 1027 2639 gestum
1076 2579 1211 2644 esse
1255 2559 1448 2623 dicat.

691 2689 763 2749 A.
814 2686 1005 2751 Atilio
1053 2687 1346 2752 Calatino
1395 2688 1465 2752 C.
1512 2687 1795 2771 Sulpicio
1841 2685 2182 2750 Paterculo
2237 2685 2605 2750 consulibus
2648 2689 2713 2749 et
2754 2685 2823 2749 in

517 2787 738 2853 Sicilia
799 2796 865 2853 et
903 2789 985 2852 in
1049 2788 1349 2855 Sardinia
1406 2771 1774 2874 pugnatun?
1825 2792 1941 2852 est.
2072 2787 2373 2870 Polybius
2436 2806 2541 2879 res
2598 2787 2825 2850 leviter

516 2894 772 2953 tantum
817 2892 1081 2973 attingit
1124 2896 1190 2955 et
1233 2892 1455 2957 ambos
1500 2891 1790 2956 consules
1835 2893 1901 2954 in
1931 2889 2235 2954 'Siciliam
2267 2890 2426 2953 iisse
2471 2888 2663 2968 dicit,
2722 2908 2823 2952 ce-

518 2992 642 3055 teri
703 3011 853 3055 vero
913 2992 1256 3076 scriptores
1318 3002 1392 3058 A.
1444 2994 1710 3058 Atilium
1771 2993 1837 3057 in
1898 2992 2147 3070 Sicilia,
2224 2990 2294 3055 C.
2325 2990 2694 3074 ‘Sulpicium
2752 2991 2821 3054 in

504 3092 820 3158 'Sardinia
862 3094 1099 3159 bellum
1145 3097 1413 3178 gessisse
1460 3095 1748 3161 tradunt.
1870 3093 2172 3176 Polybius
2204 3096 2259 3172 ⁴)
2305 3098 2371 3157 et
2416 3092 2734 3156 Diodorus
2766 3096 2823 3174 ⁵)

520 3194 849 3259 Philinum
893 3199 1093 3261 secuti
1141 3218 1279 3261 esse
1321 3199 1652 3275 videntur,
1728 3217 1873 3261 cum
1916 3217 2021 3261 res
2067 3197 2132 3259 in
2183 3194 2403 3259 Sicilia
2443 3199 2676 3277 gestas
2720 3214 2826 3259 ac·

521 3297 926 3362 curatissime
973 3299 1280 3379 tradant3
1343 3308 1681 3384 praeterea
1728 3298 2045 3363 Diodorus
2089 3297 2420 3374 Hieronis,
2483 3296 2827 3379 Syracusa-

526 3413 752 3463 norum
799 3401 997 3482 regiS,
1056 3404 1288 3467 merita
1333 3403 1412 3466 de
1462 3401 1765 3470 Romanis
1810 3400 2030 3476 effert,
2095 3399 2368 3462 Romani
2410 3405 2626 3461 autem
2673 3399 2829 3463 scri-

524 3509 742 3585 ptores
787 3504 1106 3568 sociorum
1152 3508 1421 3569 virtutes
1466 3503 1718 3587 sem'per
1763 3487 2019 3567 silentio
2063 3506 2502 3585 praetereunt.
2621 3500 2828 3565 Zona-

526 3624 636 3666 rae
666 3605 727 3683 6)
786 3612 1012 3669 auctor
1060 3606 1178 3671 Dio
1224 3606 1486 3672 Cassius
1530 3606 1778 3670 Livium
1828 3609 2086 3669 secutus
2128 3625 2268 3668 esse
2314 3603 2603 3683 videtur,
2680 3623 2828 3667 cum

526 3706 662 3788 ipse
708 3726 783 3770 ac
826 3706 1044 3772 Livius
1106 3710 1434 3792 prodigia,
1519 3727 1685 3791 quae
1730 3714 1883 3771 tunc
1926 3707 2204 3790 primum
2250 3706 2467 3770 Livius
2511 3704 2576 3769 in
2626 3724 2832 3771 anna-

526 3908 764 3973 dicant.
877 3910 1631 3997 Narrationem·quoque
1676 3911 1755 3976 de
1788 3911 2124 3996 Calpurnii
2170 3910 2499 3974 Flammae
2542 3907 2832 3974 facinore

678 4164 719 4232 ¹)
790 4163 957 4219 Rom:
991 4163 1184 4219 Gesch.
1221 4159 1290 4218 11.
1326 4180 1383 4233 p.
1420 4167 1508 4218 22.
1685 4162 1731 4232 2)
1802 4163 1955 4229 VIII,
1996 4163 2077 4215 11.
2251 4163 2297 4231 3)
2369 4164 2422 4233 1,
2460 4166 2545 4220 24.

671 4252 725 4320 ἰ)
787 4251 844 4320 Ι,
880 4252 968 4308 25.
1147 4251 1190 4321 ⁵)
1259 4251 1474 4320 XXIII,
1512 4251 1599 4305 25.
1776 4251 1821 4319 ⁶)
1893 4250 2054 4318 VIII,
2096 4252 2179 4304 12.

667 4340 717 4410 ⁷)
790 4338 890 4394 cfr.
924 4338 1174 4408 Bernays
1208 4338 1268 4393 in
1301 4355 1443 4396 mus.
1478 4337 1729 4394 Rhenan.
1765 4337 1899 4408 XII,
1934 4339 2058 4393 436.
