3088 5021
1482 342 1563 403 37

451 499 571 563 Dio
617 499 876 564 Cassius
1004 499 1286 564 Zonaras
1302 501 1602 580 V111‚12.
1630 504 1925 573 Valerius
1964 510 2284 577 Maximus
2329 514 2447 592 VI,
2494 519 2552 593 6,
2600 513 2660 581 2.

478 601 598 685 frg.
631 606 733 678 43,
758 605 859 666 21.
1069 594 1378 684 Ἀμίλκας
1401 603 1474 671 δὲ
1497 597 1608 668 α’ν-
1759 608 2013 691 Ingenti
2061 613 2413 680 Poenorum
2460 617 2664 683 classe

519 698 622 769 ὅτι
674 695 967 768 ’Άννωνα
1001 707 1301 791 τιστῆναι
1379 701 1608 785 αὐτοῖς
1630 711 1803 774 eirca
1833 711 2114 781 Siciliam
2149 715 2425 796 devicta,
2469 718 2663 783 duces

350 801 534 891 πρὸς
614 800 968 889 Ῥωμαίους
1003 801 1222 872 οὐκέτι
1278 804 1524 892 ἐτόλμα
1548 862 1563 890 ,
1629 814 1765 876 eius
1829 814 2052 880 fractis
2111 819 2343 884 animis
2401 821 2666 885 consilia

351 904 535 994 λόγῳ
608 905 729 990 μὲν
790 903 960 992 ὑπὲρ
980 912 1277 975 ’Ἀννωνα
1323 909 1396 977 δὲ
1441 909 1610 999 πρὸς
1629 915 1945 998 petendae
2016 920 2191 1001 pacis
2264 922 2660 1004 agitabant3

354 1006 646 1098 εἰρήνης,
695 1007 858 1095 ἔργῳ
896 1008 968 1077 δὲ
1004 1005 1240 1091 αὐτοὺς
1304 1008 1609 1099 ἔπεμψεν
1629 1038 1900 1099 quorum
1946 1020 2277 1087 Hamilcar
2320 1045 2387 1089 se
2430 1025 2524 1090 ire
2580 1027 2663 1090 ad

353 1117 591 1200 τριβῆς
656 1109 841 1178 ἕνεκα
897 1108 965 1179 ἕ-
1004 1107 1095 1192 ὥς
1129 1109 1299 1203 ὑπὲρ
1336 1110 1604 1204 εἰρήνης,
1630 1120 1920 1184 eonsules
1958 1124 2236 1206 negabat
2280 1126 2533 1207 audere,
2583 1149 2663 1194 ne

355 1208 964 1300 πεμψεν-Ἀμίλκας·
1002 1212 1394 1301 βουλόμενος
1406 1217 1477 1285 δὲ
1493 1216 1609 1284 τὸν
1629 1222 1848 1287 eodem
1877 1224 2064 1289 modo
2095 1231 2360 1293 catenae
2404 1229 2524 1293 sibi
2567 1230 2662 1294 in-

353 1314 475 1382 καὶ
517 1307 589 1394 ὃς
638 1312 966 1402 ἐπιβοών-
1001 1315 1224 1404 καιρὸν
1253 1315 1499 1406 τρίβειν
1524 1360 1604 1369 -
1630 1325 1983 1406 icerentur,
2028 1349 2154 1410 quo
2195 1328 2276 1394 ab
2320 1330 2475 1413 ipsis
2509 1331 2663 1396 Cor-

356 1442 495 1485 των
552 1423 746 1485 τινῶν
810 1419 1231 1486 συλ--Ἄννων
1259 1421 1349 1502 δὲ,
1393 1419 1608 1507 βοών-
1632 1425 1797 1490 nelio
1837 1428 2070 1493 Asinae
2116 1431 2360 1495 consuli
2404 1431 2665 1497 fuerant

357 1523 590 1607 λαβεῖν
611 1517 823 1602 αὐτὸν,
863 1516 968 1587 ὅτι
1001 1548 1132 1590 των
1151 1528 1346 1591 τινῶν
1366 1526 1607 1591 συλλα-
1630 1528 1919 1594 iniectae.
1987 1530 2219 1597 Hanno
2250 1540 2486 1613 autem,
2532 1557 2664 1602 eer-

357 1624 803 1713 Καρχηδόνιοι
852 1620 966 1690 τὸν
1001 1629 1145 1710 βεῖν
1218 1622 1417 1693 αὐτὸν
1502 1625 1607 1694 ὅτι
1630 1632 1755 1695 tior
1799 1631 2075 1697 Romani
2121 1635 2317 1700 animi
2366 1638 2662 1702 aestima-

360 1725 730 1816 Κορνήλιον
782 1721 964 1792 οῗπά-
1002 1727 1114 1795 καὶ
1174 1726 1606 1818 Καρχηδόνιοι
1629 1739 1752 1811 tor,
1796 1735 1958 1800 nihil
2004 1735 2128 1800 tale
2172 1738 2526 1804 timendum
2562 1762 2663 1803 ra·-

356 1854 444 1920 τῃ
488 1869 569 1880 --
1001 1825 1230 1921 α’πᾶτῃ
1333 1831 1604 1899 συνέλα-
1627 1842 1751 1915 tus,
1799 1839 2080 1903 maxima
2124 1860 2266 1904 cum
2313 1839 2549 1905 fiducia
2579 1844 2663 1907 ad

439 1934 668 1999 desunt
712 1932 966 2015 reliqua
1000 1940 1121 2019 βον
1173 1932 1287 2000 τὸν
1352 1931 1607 2022 Κορνή-
1627 1937 2013 2022 colloquium
2081 1961 2303 2006 eorum
2367 1944 2662 2010 tetendit.

360 2036 560 2102 verba
604 2037 826 2103 codici.
1003 2037 1144 2102 λιον
1166 2087 1183 2117 ,
1273 2029 1351 2101 ἃν
1408 2042 1606 2104 τοῦτο
1630 2042 1816 2123 Apud
1848 2062 2007 2125 quos
2038 2062 2183 2107 cum
2215 2043 2293 2108 de
2338 2042 2466 2109 fine
2510 2046 2664 2112 belli

1003 2135 1352 2228 ποιήσητε,
1397 2132 1602 2221 εἶπεν,
1626 2149 1850 2227 ageret
1909 2151 1974 2208 et
2036 2144 2332 2210 tribunus
2385 2149 2659 2213 militum

1002 2238 1191 2310 οὐδὲν
1239 2238 1339 2309 ἔτι
1393 2237 1606 2329 κρείτ-
1626 2246 1686 2311 ei
1729 2244 1994 2311 dixisset
2053 2266 2238 2330 posse
2281 2247 2377 2312 illi
2434 2251 2662 2316 merito

1001 2371 1153 2425 τους
1180 2340 1606 2430 τῶνΛιβύων
1665 2347 1877 2413 venire
1935 2349 2105 2432 quod
2152 2348 2449 2415 Cornelio
2497 2354 2663 2418 acci-

1001 2447 1259 2518 ἐσεσθε.
1360 2445 1607 2525 ἐκεῖνος
1625 2450 1856 2531 disset,
1930 2456 2200 2536 uterque
2260 2454 2482 2519 consul
2547 2457 2665 2521 tri-

972 2553 1118 2639 ,μὲν
1148 2542 1262 2619 οὖν
1307 2544 1604 2636 εὔκαιρό-
1626 2553 1796 2619 buno
1857 2559 2072 2620 tacere
2126 2554 2334 2621 iusso:
2409 2559 2531 2623 isto
2578 2567 2661 2640 te,

971 2613 1166 2722 Ιτατα
1240 2648 1606 2731 θωπεύσας
1626 2656 1869 2739 inquit,
1921 2662 2134 2736 metu,
2182 2658 2442 2739 Hann0,
2502 2659 2662 2726 fides

1000 2753 1239 2836 αὐτοὺς
1291 2752 1480 2823 οὐδὲν
1533 2750 1604 2821 ἔ-
1626 2760 1908 2825 civitatis
1952 2765 2213 2825 nostrae
2258 2760 2510 2827 liberat.
2535 2800 2615 2811 —-

1000 2866 1243 2930 παθεν.
1293 2897 1367 2909 -—

531 2978 749 3044 Livius
820 2979 1092 3045 fortasse
1157 2981 1222 3040 et
1278 2971 1616 3040 Hannonis
1688 2980 1754 3040 et
1825 2974 2159 3041 consulum
2222 2977 2657 3043 Romanorum

356 3080 555 3146 verba
596 3081 1117 3146 commemoravit
1139 3129 1154 3159 ,
1199 3077 1496 3142 Valerius
1539 3083 1757 3143 autem
1789 3077 2139 3159 Maximus,
2185 3080 2296 3163 qui
2340 3078 2491 3145 fidei
2535 3082 2659 3147 Ro-

318 3205 588 3250 .manae
631 3185 990 3270 exemplum
1051 3181 1281 3248 afferre
1323 3179 1556 3261 voluit,
1628 3181 1962 3247 consulum
1983 3230 1997 3258 ‚
2077 3181 2197 3246 Dio
2243 3181 2503 3247 Cassius
2546 3185 2660 3268 qui

359 3286 987 3370 Carthaginiensium
1032 3281 1339 3350 astiitiam
1384 3280 1613 3347 efferre
1659 3283 1898 3362 voluit,
1943 3284 2281 3350 Hannonis
2324 3286 2520 3351 verba
2562 3308 2656 3351 se-

357 3389 534 3473 legit.
626 3390 807 3454 Alter
847 3389 1024 3455 locus
1066 3387 1391 3453 invenitur
1431 3385 1500 3449 in

425 3491 646 3562 Dionis
680 3491 885 3556 Cassii
928 3490 1006 3556 fr.
1038 3494 1140 3569 43,
1171 3493 1272 3553 20.
1536 3487 1780 3552 Valerii
1826 3486 2092 3553 Maximi
2136 3488 2260 3568 IV,
2308 3494 2377 3568 4,
2426 3494 2484 3555 6.

445 3588 480 3658 ὁ
505 3587 843 3681 Ῥήγουλος
888 3589 957 3657 ἕν
1002 3587 1288 3679 τοσαύτῃ
1440 3631 1519 3640 -
1569 3591 1801 3656 Atilius
1848 3591 2131 3675 Regulus
2163 3627 2239 3641 —-
2288 3592 2656 3658 consulibus

357 3691 567 3784 πενίᾳ
619 3686 697 3783 ἦν
741 3690 911 3763 ὥστε
959 3689 1124 3781 μήτέ
1170 3689 1288 3781 τὴν
1365 3693 1621 3778 scripsit
1661 3731 1740 3741 --
1786 3699 2006 3778 petere
2049 3700 2124 3759 ut
2165 3694 2286 3760 sibi
2330 3715 2656 3761 successor

352 3792 550 3885 α’ρχὴν
578 3793 818 3885 ῥᾳδίως
849 3795 1167 3885 ἐθελῆσαι
1196 3790 1281 3862 δι’
1364 3795 1732 3860 mitteretur
1754 3846 1769 3877 ,
1844 3817 1925 3861 ne
1986 3796 2236 3862 deserto
2304 3818 2458 3879 agro
2524 3817 2653 3864 non

354 3894 573 3987 αὐτὴν
596 3895 968 3988 ὑποστῆναι
992 3952 1007 3982 ,
1051 3896 1163 3964 καὶ
1204 3903 1288 3987 τῇ
1364 3903 1533 3961 esset
1574 3899 1744 3964 unde
1788 3920 1951 3964 uxor
2010 3920 2087 3965 ac
2128 3899 2318 3966 liberi
2362 3901 2463 3965 sui
2526 3901 2654 3966 ale-

352 3989 606 4089 γυναικὶ
676 4005 819 4081 τοῖς
903 4026 979 4068 τε
1047 3998 1284 4067 παισὶν
1362 4006 1607 4065 rentur.
1705 4001 1883 4082 Quae
1926 4007 2266 4086 postquam
2310 4009 2569 4068 senatus
2612 4026 2654 4069 a

353 4100 559 4171 ἀὐτοῦ
600 4101 718 4193 τὴν
760 4101 1008 4193 τροφὴν
1052 4101 1126 4171 ἐκ
1165 4107 1283 4170 τοῦ
1363 4103 1731 4169 consulibus
1790 4105 2039 4188 accepit
2091 4109 2157 4170 et
2200 4125 2424 4188 agrum
2472 4106 2651 4171 Atilii

352 4203 673 4295 δημοσίου
745 4203 1065 4276 δίδοσθαι
1141 4219 1282 4295 ψη-
1359 4206 1508 4271 ilico
1554 4207 1894 4271 colendum
1955 4205 2155 4271 locari
2220 4213 2287 4271 et
2342 4208 2650 4274 alimenta

351 4314 703 4398 φισθῆναι.
1362 4308 1617 4393 coniugi
1648 4310 1783 4375 eius
1844 4330 1921 4376 ac
1963 4310 2183 4376 liberis
2225 4311 2520 4395 praeberi
2564 4350 2649 4361 —

1358 4411 1563 4477 iussit.
2527 4459 2554 4488 ι
