3088 5021
1460 370 1541 432 45

334 529 671 594 coniuncti
724 551 828 595 res
885 535 1220 614 gesserunt
1240 581 1256 610 ,
1332 551 1615 615 pugnam
1658 531 2072 609 detractavit,
2146 530 2257 596 sed
2300 536 2639 616 postquam

336 630 514 696 alter
556 632 779 696 consul
823 653 968 697 cum
1013 632 1280 697 dimidia
1322 634 1650 717 copiarum
1697 640 1882 717 parte
1912 634 2180 699 Romam
2225 633 2435 712 rediit,
2481 634 2642 699 Has-

336 732 578 798 drubal
622 735 1010 799 Panormum
1053 734 1377 818 profectus
1422 743 1553 814 est,
1628 736 1739 801 ubi
1797 736 1966 801 alter
2009 735 2230 801 consul
2271 743 2487 801 castra
2530 737 2640 802 ha-

337 835 506 899 buit.
611 835 910 901 Metellus
953 837 1176 902 consul
1219 837 1533 921 proelium
1578 837 1854 920 defugit,
1928 838 2038 903 sed
2085 859 2229 903 cum
2272 837 2641 904 Hasdrubal

337 957 501 1021 agro
546 938 1005 1003 Panormitano
1050 946 1302 1004 vastato
1347 940 1572 1005 urbem
1619 945 2101 1024 oppugnaturus
2146 938 2364 1023 copias
2406 947 2474 1006 et
2514 941 2640 1007 ele-

339 1038 625 1122 phantos
669 1046 851 1105 trans
896 1040 1134 1106 fiumen
1182 1042 1551 1106 traduceret
1576 1091 1595 1121 ,
1667 1043 1805 1125 ipse
1864 1043 2180 1107 exercitus
2235 1049 2487 1126 partem
2545 1045 2641 1109 ita

336 1142 677 1218 instruxit,
751 1150 825 1207 ut
869 1143 1246 1228 elephantos
1302 1143 1550 1225 ingenti
1605 1144 1880 1208 telorum
1924 1144 2338 1210 multitudine
2390 1150 2640 1229 pertur-

337 1241 530 1306 batos
571 1242 636 1306 in
684 1244 857 1328 ipsos
903 1246 1148 1311 Poenos
1194 1251 1554 1325 verterent,
1601 1266 1729 1329 qua
1772 1265 1842 1310 re
1887 1244 2075 1309 multi
2119 1264 2340 1311 eorum
2385 1248 2640 1332 procul-

278 1432 289 1436 ὁ
337 1345 475 1409 cati
521 1352 690 1410 sunt.
780 1347 919 1425 Quo
963 1347 1133 1412 facto
1180 1352 1424 1413 ceteras
1466 1347 1685 1431 copias
1728 1347 1953 1412 eduxit
1996 1354 2062 1412 et
2106 1349 2349 1413 Poenos
2391 1349 2641 1432 fugavit

336 1451 412 1510 et
452 1467 671 1512 omnes
716 1450 886 1532 cepit
930 1440 1326 1534 elephantos.
1423 1448 1602 1513 Haec
1645 1449 1948 1533 Polybius¹
1979 1452 2035 1533 ¹)
2076 1449 2312 1530 refert,
2374 1472 2539 1534 quae
2584 1452 2637 1516 si

336 1550 786 1633 comparamus
831 1573 975 1616 cum
1022 1553 1141 1631 eis,
1218 1572 1383 1636 quae
1428 1551 1777 1617 Frontinus
1810 1554 1893 1631 2),
1961 1552 2309 1635 Eutropius
2339 1553 2431 1634 3),
2493 1553 2544 1617 F
2547 1552 2639 1619 lo-

334 1672 454 1715 rus
483 1656 571 1735 ⁴),
644 1652 907 1723 Orosius
940 1658 1030 1734 ⁵),
1093 1655 1377 1719 Zonaras
1407 1656 1464 1734 6)
1525 1674 1604 1719 ea
1648 1655 1726 1717 de
1771 1675 1842 1719 re
1895 1653 2195 1732 tradunt,
2271 1674 2491 1718 omnes
2534 1675 2639 1720 eo-

332 1775 483 1818 rum
527 1756 931 1821 narrationes
977 1777 1057 1821 ex
1102 1778 1232 1822 uno
1290 1757 1467 1822 fonte
1525 1756 1796 1820 haustae
1854 1777 1991 1820 esse
2036 1756 2363 1837 videntur,
2439 1762 2637 1841 atque

333 1855 640 1939 Polybius
682 1859 820 1941 ipse
865 1858 1132 1923 Fabium
1177 1859 1496 1940 inspexit,
1573 1859 1768 1922 ceteri
1815 1857 1997 1922 Livio
2041 1864 2304 1922 auctore
2349 1879 2495 1922 eum
2541 1880 2631 1924 se·

330 1959 473 2022 cuti
531 1964 699 2024 sunt.
819 1960 911 2024 De
957 1959 1446 2045 elephantorum
1491 1959 1749 2042 quidem
1793 1979 2059 2023 numero
2104 1979 2232 2023 non
2277 1960 2439 2025 satis
2483 1981 2635 2025 con-

330 2061 627 2125 sentiunt
684 2063 1074 2146 scriptores3
1164 2062 1543 2145 Eutropius,
1618 2060 2005 2144 Frontinus,
2079 2060 2341 2125 Orosius
2400 2062 2637 2127 CXXX

329 2161 712 2245 elephantos
766 2163 832 2228 in
879 2163 1162 2230 Siciliam
1218 2166 1447 2229 missos
1505 2183 1642 2229 esse
1702 2163 1954 2243 dicunt,
2033 2163 2379 2246 Eutropius
2423 2165 2637 2229 XXVI

328 2284 471 2329 esse
518 2270 771 2350 captos,
836 2265 1098 2331 Orosius
1144 2265 1321 2345 CIV,
1385 2265 1617 2331 Florus
1661 2265 1709 2329 O
1755 2267 2038 2344 circiter,
2109 2265 2394 2331 Zonaras
2440 2265 2633 2346 CXX,

328 2364 579 2432 Plinius
613 2370 670 2450 ⁷)
717 2368 828 2451 qui
857 2368 1154 2435 Verrium
1186 2361 1484 2433 Flaccum
1533 2373 1599 2433 et
1642 2367 1713 2432 L.
1747 2368 2040 2432 Pisonem
2088 2372 2380 2433 auctores
2426 2366 2634 2449 affert,

338 2467 578 2554 CXLII
620 2469 725 2535 vel-
770 2471 935 2536 GXL
981 2469 1357 2557 elephantos
1401 2492 1440 2535 a
1483 2470 1792 2537 Romanis
1836 2475 2059 2554 captos
2102 2490 2238 2536 esse
2281 2468 2575 2536 affirmat.

514 2573 829 2639 Diodorus
859 2576 918 2658 8)
964 2576 1064 2640 his
1107 2576 1176 2640 in
1222 2574 1411 2641 rebus
1457 2573 1800 2639 narrandis
1831 2573 2155 2638 Philinum
2199 2581 2453 2638 secutus
2483 2593 2636 2639 ,esse

336 2674 595 2740 videtur
625 2725 641 2755 ,
714 2697 858 2741 cum
924 2678 1229 2743 victoriae
1294 2677 1556 2763 laudem
1624 2697 1752 2740 non
1813 2675 2058 2740 Metelli
2121 2676 2507 2759 prudentiae
2571 2681 2637 2740 et

338 2778 618 2843 astutiae
681 2778 792 2843 sed
847 2778 1149 2845 fortunae
1212 2779 1618 2864 potissimum
1670 2777 1916 2842 tribuat
1968 2783 2034 2843 et
2079 2777 2464 2842 Hamilcaris
2517 2778 2635 2842 im·

335 2880 756 2964 prudentiae,
832 2883 944 2965 qui
1005 2887 1245 2948 temere
1305 2883 1629 2946 Romanos
1688 2887 2104 2945 contemnens
2175 2880 2347 2963 apud
2412 2878 2636 2945 urbem

339 2982 729 3047 Panormum
774 2991 988 3049 castra
1029 3006 1155 3049 non
1203 2985 1512 3064 munivit,
1559 2990 1753 3067 atque
1798 2982 2261 3047 mercatoribus
2304 2981 2636 3060 concessit,

340 3089 417 3148 ut
459 3084 678 3148 vinum
739 3087 801 3149 in
861 3094 1075 3152 castra
1124 3086 1522 3166 conferrent,
1599 3065 1732 3170 quas
1770 3107 1839 3151 re
1886 3083 2183 3150 Metellus
2226 3084 2436 3149 ebrios
2480 3084 2634 3149 Poe·

324 3190 570 3250 ‘norti'm
630 3190 1057 3254 mercenarios
1114 3189 1302 3254 facile
1359 3190 1611 3253 vincere
1685 3189 1915 3271 potuit.
2036 3187 2156 3251 Hic
2219 3185 2371 3250 belli
2428 3206 2636 3251 annus

340 3289 538 3353 etiam
581 3291 951 3373 praeclarus
995 3296 1093 3355 est
1135 3290 1426 3357 fabulosa
1469 3288 1695 3374 Reguli
1742 3309 1782 3352 a
1813 3289 2046 3353 Poenis
2090 3289 2265 3372 capti
2311 3288 2635 3370 legatione

339 3390 428 3456 ad
473 3391 825 3472 Romanos,
893 3393 1005 3476 qui
1049 3394 1129 3457 ab
1173 3394 1273 3458 his
1315 3398 1564 3477 peteret
1589 3441 1604 3471 ,
1672 3398 1746 3455 ut
1790 3391 2026 3475 captivi
2066 3395 2633 3455 commutarentur.

341 3494 483 3573 Qua
527 3494 606 3559 de
651 3496 1020 3560 narratione
1078 3517 1119 3561 a
1162 3494 1481 3560 veteribus
1526 3491 1895 3557 auctoribus
1937 3491 2113 3557 varie
2155 3493 2402 3557 tradita
2455 3513 2495 3557 a
2537 3512 2636 3557 re·

340 3590 730 3662 confici-ibus
773 3618 987 3662 rerum
1034 3597 1452 3682 scriptoribus
1495 3595 1703 3660 multa
1748 3595 2075 3686 disputata
2120 3601 2270 3658 sunt
2287 3596 2376 3679 ⁷),
2423 3595 2519 3658 ita
2563 3599 2638 3660 ut

342 3698 632 3764 breviter
678 3706 927 3766 tantum
974 3722 1109 3765 rem
1155 3702 1477 3783 attingere
1517 3698 1678 3763 mihi
1724 3698 1933 3763 liceat.
1983 3696 2331 3780 Eutropius
2351 3697 2431 3780 9),
2478 3694 2636 3762 Oro·

341 3800 625 3885 sius1⁰)‚
693 3801 813 3866 Dio
860 3801 1117 3867 Cassius
1154 3806 1269 3883 ¹¹),
1326 3803 1611 3866 Zonaras
1641 3802 1759 3882 12),
1804 3800 1915 3883 qui
1961 3798 2210 3863 Livium
2255 3797 2455 3864 secuti
2500 3818 2637 3863 esse

341 3903 671 3982 videntur,
747 3904 983 3969 diserte
1048 3904 1356 3983 tradunt,
1428 3904 1675 3969 Poenos
1737 3901 1961 3967 fractis
2018 3900 2247 3965 animis
2299 3899 2636 3984 Regulum,

490 4081 530 4148 ι)
601 4080 645 4148 1,
682 4081 751 4133 39
789 4083 845 4132 et
879 4081 964 4133 40.
1107 4080 1154 4143 2>
1226 4079 1297 4145 11,
1336 4078 1384 4146 5,
1422 4079 1474 4130 4.
1547 4077 1643 4146 111,
1686 4077 1767 4145 ιτ,
1808 4079 1854 4129 1.
1924 4073 1967 4143 1,
2010 4076 2061 4141 7,
2101 4074 2149 4125 -ι,
2292 4072 2335 4141 3)
2403 4072 2473 4142 11,
2511 4075 2602 4130 24.

484 4170 531 4233 ⁴)
599 4185 653 4237 p.
691 4169 759 4222 32
801 4168 886 4221 ed.
922 4166 1087 4220 Jahn.
1239 4167 1288 4232 ⁵)
1359 4166 1541 4234 1v‚9.
1683 4165 1727 4229 ⁶)
1795 4162 1941 4230 V111‚
1983 4163 2064 4215 14·
2204 4161 2249 4229 ⁷)
2320 4163 2435 4215 nat·
2473 4160 2604 4214 hist·

339 4255 574 4323 v111‚e,
616 4257 702 4309 16.
776 4254 977 4321 va,
1013 4258 1064 4324 4,
1103 4258 1152 4309 7.
1274 4251 1279 4257 ·
1326 4253 1372 4323 s)
1447 4252 1651 4321 xxm,
1691 4252 1775 4303 21.
1949 4249 1994 4318 ⁹)
2068 4248 2169 4303 cfr.
2203 4247 2434 4301 Haitaus
2489 4248 2526 4301 l.
2562 4248 2603 4302 1.

292 4373 311 4382 -
339 4361 397 4413 p.
437 4345 558 4398 356.
723 4342 795 4414 ιο)
866 4341 938 4410 11,
976 4344 1061 4395 24.
1226 4341 1294 4409 ιι)
1366 4340 1460 4409 IV,
1498 4343 1551 4394 9.
1718 4338 1784 4406 ¹2>
1829 4336 1963 4407 ·frg.
1999 4337 2086 4406 43,
2124 4336 2351 4390 26-29.
