<?xml version="1.0" encoding="UTF-8"?>
<!DOCTYPE html PUBLIC "-//W3C//DTD XHTML 1.0 Transitional//EN"
    "http://www.w3.org/TR/xhtml1/DTD/xhtml1-transitional.dtd">
<html xmlns="http://www.w3.org/1999/xhtml" xml:lang="en" lang="en">
 <head>
  <title>
</title>
<meta http-equiv="Content-Type" content="text/html;charset=utf-8" />
  <meta name='ocr-system' content='tesseract 3.04.00' />
  <meta name='ocr-capabilities' content='ocr_page ocr_carea ocr_par ocr_line ocrx_word'/>
</head>
<body>
  <div class='ocr_page' id='page_1' title='image "./debellipunicipr00neulgoog_0026.png"; bbox 0 0 3088 5021; ppageno 0'>
   <div class='ocr_carea' id='block_1_1' title="bbox 1542 341 1624 402">
    <p class='ocr_par' dir='ltr' id='par_1_1' title="bbox 1542 341 1624 402">
     <span class='ocr_line' id='line_1_1' title="bbox 1542 341 1624 402; baseline 0.024 -2"><span class='ocrx_word' id='word_1_1' title='bbox 1542 341 1624 402; x_wconf 87' lang='lat'>22</span> 
     </span>
    </p>
   </div>
   <div class='ocr_carea' id='block_1_2' title="bbox 376 482 2778 1099">
    <p class='ocr_par' dir='ltr' id='par_1_2' title="bbox 376 482 2778 1099">
     <span class='ocr_line' id='line_1_2' title="bbox 699 482 2689 584; baseline -0.003 -15"><span class='ocrx_word' id='word_1_2' title='bbox 699 504 965 571; x_wconf 75' lang='lat' dir='ltr'>Diodori</span> <span class='ocrx_word' id='word_1_3' title='bbox 1008 504 1052 570; x_wconf 89' lang='lat'>1.</span> <span class='ocrx_word' id='word_1_4' title='bbox 1099 504 1361 584; x_wconf 82' lang='lat' dir='ltr'>xxm,</span> <span class='ocrx_word' id='word_1_5' title='bbox 1409 482 1489 568; x_wconf 67' lang='lat'>25</span> <span class='ocrx_word' id='word_1_6' title='bbox 1863 502 2088 568; x_wconf 75' lang='lat' dir='ltr'>Dionis</span> <span class='ocrx_word' id='word_1_7' title='bbox 2119 501 2324 566; x_wconf 74' lang='lat' dir='ltr'>Cassii</span> <span class='ocrx_word' id='word_1_8' title='bbox 2369 500 2448 565; x_wconf 76' lang='lat' dir='ltr'>fr.</span> <span class='ocrx_word' id='word_1_9' title='bbox 2485 504 2591 580; x_wconf 83' lang='lat'>43,</span> <span class='ocrx_word' id='word_1_10' title='bbox 2627 505 2689 565; x_wconf 85' lang='lat'>8.</span> 
     </span>
     <span class='ocr_line' id='line_1_3' title="bbox 524 592 2778 689; baseline -0.001 -19"><span class='ocrx_word' id='word_1_11' title='bbox 524 600 629 670; x_wconf 75' lang='grc' dir='ltr'>ὅτι</span> <span class='ocrx_word' id='word_1_12' title='bbox 680 601 981 685; x_wconf 81' lang='grc' dir='ltr'><em>Φοίνικες</em></span> <span class='ocrx_word' id='word_1_13' title='bbox 1030 602 1142 671; x_wconf 84' lang='grc' dir='ltr'>καὶ</span> <span class='ocrx_word' id='word_1_14' title='bbox 1183 600 1488 689; x_wconf 81' lang='grc' dir='ltr'><em>Ῥωμαῖοι</em></span> <span class='ocrx_word' id='word_1_15' title='bbox 1533 629 1688 670; x_wconf 87' lang='grc' dir='ltr'><em>ναυ-</em></span> <span class='ocrx_word' id='word_1_16' title='bbox 1862 599 1970 669; x_wconf 80' lang='grc' dir='ltr'>ὅτι.</span> <span class='ocrx_word' id='word_1_17' title='bbox 2011 600 2048 668; x_wconf 81' lang='grc' dir='ltr'>ὁ</span> <span class='ocrx_word' id='word_1_18' title='bbox 2067 595 2321 668; x_wconf 73' lang='grc' dir='ltr'><em>’Ἀννων</em></span> <span class='ocrx_word' id='word_1_19' title='bbox 2365 592 2518 668; x_wconf 55' lang='grc' dir='ltr'>οὔτ’</span> <span class='ocrx_word' id='word_1_20' title='bbox 2544 593 2778 680; x_wconf 65' lang='grc' dir='ltr'><em>άλλως</em></span> 
     </span>
     <span class='ocr_line' id='line_1_4' title="bbox 376 698 2776 795; baseline -0.001 -23"><span class='ocrx_word' id='word_1_21' title='bbox 376 781 393 793; x_wconf 30' lang='lat' dir='ltr'><em>l</em></span> <span class='ocrx_word' id='word_1_22' title='bbox 437 704 872 795; x_wconf 81' lang='grc' dir='ltr'><em>μαχήσαντες,</em></span> <span class='ocrx_word' id='word_1_23' title='bbox 933 704 1099 790; x_wconf 80' lang='grc' dir='ltr'><em>μετὰ</em></span> <span class='ocrx_word' id='word_1_24' title='bbox 1147 705 1221 774; x_wconf 81' lang='grc' dir='ltr'>δὲ</span> <span class='ocrx_word' id='word_1_25' title='bbox 1261 710 1471 773; x_wconf 80' lang='grc' dir='ltr'><em>ταῦτα</em></span> <span class='ocrx_word' id='word_1_26' title='bbox 1499 699 1690 772; x_wconf 79' lang='grc' dir='ltr'><em>εὕλα-</em></span> <span class='ocrx_word' id='word_1_27' title='bbox 1777 698 1898 770; x_wconf 77' lang='grc' dir='ltr'>ἐπ’</span> <span class='ocrx_word' id='word_1_28' title='bbox 1959 703 2224 793; x_wconf 75' lang='grc' dir='ltr'><em>ἐλαφρῷ</em></span> <span class='ocrx_word' id='word_1_29' title='bbox 2286 701 2401 771; x_wconf 84' lang='grc' dir='ltr'><em>τὸν</em></span> <span class='ocrx_word' id='word_1_30' title='bbox 2462 702 2776 788; x_wconf 80' lang='grc' dir='ltr'><em>πόλεμον</em></span> 
     </span>
     <span class='ocr_line' id='line_1_5' title="bbox 437 803 2775 896; baseline -0 -21"><span class='ocrx_word' id='word_1_31' title='bbox 437 804 748 892; x_wconf 82' lang='grc' dir='ltr'><em>βούμενοι</em></span> <span class='ocrx_word' id='word_1_32' title='bbox 797 806 875 875; x_wconf 87' lang='grc' dir='ltr'>τὸ</span> <span class='ocrx_word' id='word_1_33' title='bbox 918 808 1206 894; x_wconf 80' lang='grc' dir='ltr'><em>μέγεθος</em></span> <span class='ocrx_word' id='word_1_34' title='bbox 1261 814 1379 875; x_wconf 83' lang='grc' dir='ltr'>τοῦ</span> <span class='ocrx_word' id='word_1_35' title='bbox 1420 830 1692 894; x_wconf 80' lang='grc' dir='ltr'><em>προκει-</em></span> <span class='ocrx_word' id='word_1_36' title='bbox 1776 803 2173 890; x_wconf 83' lang='grc' dir='ltr'><em>ποιούμενος</em></span> <span class='ocrx_word' id='word_1_37' title='bbox 2217 846 2301 858; x_wconf 89' lang='lat'>—-</span> <span class='ocrx_word' id='word_1_38' title='bbox 2357 805 2531 896; x_wconf 83' lang='grc' dir='ltr'><em>πρὸς</em></span> <span class='ocrx_word' id='word_1_39' title='bbox 2582 804 2775 896; x_wconf 78' lang='grc' dir='ltr'><em>εἰρή-</em></span> 
     </span>
     <span class='ocr_line' id='line_1_6' title="bbox 435 908 2494 998; baseline 0.001 -24"><span class='ocrx_word' id='word_1_40' title='bbox 435 909 636 993; x_wconf 85' lang='grc' dir='ltr'><em>μένου</em></span> <span class='ocrx_word' id='word_1_41' title='bbox 713 909 1007 993; x_wconf 83' lang='grc' dir='ltr'><em>πολέμου</em></span> <span class='ocrx_word' id='word_1_42' title='bbox 1098 908 1693 997; x_wconf 81' lang='grc' dir='ltr'><em>διεπρεσβεύσαντο</em></span> <span class='ocrx_word' id='word_1_43' title='bbox 1776 934 1888 998; x_wconf 88' lang='grc' dir='ltr'>νην</span> <span class='ocrx_word' id='word_1_44' title='bbox 1928 911 2367 996; x_wconf 80' lang='grc' dir='ltr'><em>προυκαλεῖτο</em></span> <span class='ocrx_word' id='word_1_45' title='bbox 2414 952 2494 963; x_wconf 93' lang='grc'>-</span> 
     </span>
     <span class='ocr_line' id='line_1_7' title="bbox 441 1004 2776 1099; baseline 0.001 -23"><span class='ocrx_word' id='word_1_46' title='bbox 441 1008 615 1093; x_wconf 84' lang='grc' dir='ltr'><em>πρὸς</em></span> <span class='ocrx_word' id='word_1_47' title='bbox 669 1008 785 1077; x_wconf 87' lang='grc' dir='ltr'><em>τὸν</em></span> <span class='ocrx_word' id='word_1_48' title='bbox 871 1008 1126 1077; x_wconf 69' lang='grc' dir='ltr'><em>ὕπατον</em></span> <span class='ocrx_word' id='word_1_49' title='bbox 1208 1010 1364 1097; x_wconf 80' lang='grc' dir='ltr'><em>περὶ</em></span> <span class='ocrx_word' id='word_1_50' title='bbox 1440 1007 1689 1099; x_wconf 81' lang='grc' dir='ltr'><strong><em>φιλίας.</em></strong></span> <span class='ocrx_word' id='word_1_51' title='bbox 1865 1016 1976 1092; x_wconf 86' lang='grc'>43,</span> <span class='ocrx_word' id='word_1_52' title='bbox 2023 1017 2103 1078; x_wconf 86' lang='lat'>9:</span> <span class='ocrx_word' id='word_1_53' title='bbox 2196 1006 2302 1078; x_wconf 79' lang='grc' dir='ltr'>ὅτι</span> <span class='ocrx_word' id='word_1_54' title='bbox 2356 1008 2511 1079; x_wconf 75' lang='grc' dir='ltr'><em>ἐπεὶ</em></span> <span class='ocrx_word' id='word_1_55' title='bbox 2569 1004 2776 1079; x_wconf 67' lang='grc' dir='ltr'><em>οὐδὲν</em></span> 
     </span>
    </p>
   </div>
   <div class='ocr_carea' id='block_1_3' title="bbox 440 1107 2820 1994">
    <p class='ocr_par' dir='ltr' id='par_1_3' title="bbox 440 1107 2820 1812">
     <span class='ocr_line' id='line_1_8' title="bbox 443 1107 2774 1201; baseline 0.001 -23"><span class='ocrx_word' id='word_1_56' title='bbox 443 1113 713 1179; x_wconf 85' lang='grc' dir='ltr'><em>πολλῶν</em></span> <span class='ocrx_word' id='word_1_57' title='bbox 774 1113 846 1179; x_wconf 81' lang='grc' dir='ltr'>δὲ</span> <span class='ocrx_word' id='word_1_58' title='bbox 918 1110 1123 1199; x_wconf 86' lang='grc' dir='ltr'><em>λόγων</em></span> <span class='ocrx_word' id='word_1_59' title='bbox 1186 1114 1519 1201; x_wconf 76' lang='grc' dir='ltr'><strong><em>ῥηθέντων</em></strong></span> <span class='ocrx_word' id='word_1_60' title='bbox 1580 1110 1694 1178; x_wconf 80' lang='grc' dir='ltr'>καὶ</span> <span class='ocrx_word' id='word_1_61' title='bbox 1781 1110 2043 1194; x_wconf 74' lang='grc' dir='ltr'><em>ἐδέξατο</em></span> <span class='ocrx_word' id='word_1_62' title='bbox 2090 1107 2373 1201; x_wconf 73' lang='grc' dir='ltr'><em>ἀπειλὴν</em></span> <span class='ocrx_word' id='word_1_63' title='bbox 2414 1109 2774 1201; x_wconf 76' lang='grc' dir='ltr'><em>ὑπέρφρο-</em></span> 
     </span>
     <span class='ocr_line' id='line_1_9' title="bbox 440 1209 2774 1304; baseline -0 -23"><span class='ocrx_word' id='word_1_64' title='bbox 440 1213 854 1301; x_wconf 79' lang='grc' dir='ltr'><em>τραχυτέροις</em></span> <span class='ocrx_word' id='word_1_65' title='bbox 895 1211 1114 1300; x_wconf 82' lang='grc' dir='ltr'><em>λόγοις</em></span> <span class='ocrx_word' id='word_1_66' title='bbox 1150 1214 1496 1300; x_wconf 80' lang='grc' dir='ltr'><em>χρωμένων</em></span> <span class='ocrx_word' id='word_1_67' title='bbox 1525 1212 1695 1299; x_wconf 82' lang='grc' dir='ltr'><em>πρὸς</em></span> <span class='ocrx_word' id='word_1_68' title='bbox 1781 1238 1860 1278; x_wconf 91' lang='grc' dir='ltr'><em>να</em></span> <span class='ocrx_word' id='word_1_69' title='bbox 1910 1212 2024 1280; x_wconf 82' lang='grc' dir='ltr'>καὶ</span> <span class='ocrx_word' id='word_1_70' title='bbox 2079 1212 2504 1304; x_wconf 81' lang='grc' dir='ltr'><em>νεμεσητικὴν</em></span> <span class='ocrx_word' id='word_1_71' title='bbox 2560 1209 2774 1303; x_wconf 79' lang='grc' dir='ltr'><em>ἠπεί-</em></span> 
     </span>
     <span class='ocr_line' id='line_1_10' title="bbox 440 1312 2776 1404; baseline 0 -21"><span class='ocrx_word' id='word_1_72' title='bbox 440 1313 763 1403; x_wconf 82' lang='grc' dir='ltr'><em>άλλήλους</em></span> <span class='ocrx_word' id='word_1_73' title='bbox 828 1313 892 1382; x_wconf 75' lang='grc' dir='ltr'>οἱ</span> <span class='ocrx_word' id='word_1_74' title='bbox 966 1315 1270 1395; x_wconf 81' lang='grc' dir='ltr'><em>Φοίνικες</em></span> <span class='ocrx_word' id='word_1_75' title='bbox 1334 1313 1695 1399; x_wconf 74' lang='grc' dir='ltr'><em>θαυμάζειν</em></span> <span class='ocrx_word' id='word_1_76' title='bbox 1783 1317 1991 1403; x_wconf 81' lang='grc' dir='ltr'><em>λησεν.</em></span> <span class='ocrx_word' id='word_1_77' title='bbox 2094 1313 2221 1404; x_wconf 74' lang='grc' dir='ltr'>ἔφη</span> <span class='ocrx_word' id='word_1_78' title='bbox 2277 1341 2350 1383; x_wconf 80' lang='grc' dir='ltr'>τε</span> <span class='ocrx_word' id='word_1_79' title='bbox 2413 1314 2535 1403; x_wconf 79' lang='grc' dir='ltr'>γὰρ</span> <span class='ocrx_word' id='word_1_80' title='bbox 2605 1312 2776 1404; x_wconf 76' lang='grc' dir='ltr'>μήδ’</span> 
     </span>
     <span class='ocr_line' id='line_1_11' title="bbox 444 1412 2781 1506; baseline -0.002 -19"><span class='ocrx_word' id='word_1_81' title='bbox 444 1415 700 1506; x_wconf 67' lang='grc' dir='ltr'><em>ἔφασαν</em></span> <span class='ocrx_word' id='word_1_82' title='bbox 746 1423 893 1498; x_wconf 83' lang='grc' dir='ltr'>πῶς</span> <span class='ocrx_word' id='word_1_83' title='bbox 945 1414 1308 1505; x_wconf 82' lang='grc' dir='ltr'><em>διαβαίνειν</em></span> <span class='ocrx_word' id='word_1_84' title='bbox 1362 1419 1696 1502; x_wconf 80' lang='grc' dir='ltr'><em>τολμῶσιν</em></span> <span class='ocrx_word' id='word_1_85' title='bbox 1781 1412 2267 1506; x_wconf 68' lang='grc' dir='ltr'><em>ἀπονίψασθαι</em></span> <span class='ocrx_word' id='word_1_86' title='bbox 2329 1416 2540 1484; x_wconf 77' lang='grc' dir='ltr'><em>’ποτὲ</em></span> <span class='ocrx_word' id='word_1_87' title='bbox 2648 1415 2781 1497; x_wconf 81' lang='grc' dir='ltr'>τὰς</span> 
     </span>
     <span class='ocr_line' id='line_1_12' title="bbox 444 1515 2820 1610; baseline -0 -22"><span class='ocrx_word' id='word_1_88' title='bbox 444 1516 542 1600; x_wconf 82' lang='grc' dir='ltr'>εἷς</span> <span class='ocrx_word' id='word_1_89' title='bbox 569 1517 870 1587; x_wconf 80' lang='grc' dir='ltr'><em>Σικελίαν</em></span> <span class='ocrx_word' id='word_1_90' title='bbox 900 1517 965 1586; x_wconf 75' lang='grc' dir='ltr'>οἱ</span> <span class='ocrx_word' id='word_1_91' title='bbox 989 1515 1388 1603; x_wconf 80' lang='grc' dir='ltr'><em>Ῥωμαῖοι-</em></span> <span class='ocrx_word' id='word_1_92' title='bbox 1419 1517 1697 1607; x_wconf 81' lang='grc' dir='ltr'><em>φανερὸν</em></span> <span class='ocrx_word' id='word_1_93' title='bbox 1779 1523 1998 1607; x_wconf 81' lang='grc' dir='ltr'><em>χεῖρας</em></span> <span class='ocrx_word' id='word_1_94' title='bbox 2040 1518 2108 1586; x_wconf 77' lang='grc' dir='ltr'><em>ἐν</em></span> <span class='ocrx_word' id='word_1_95' title='bbox 2146 1525 2229 1610; x_wconf 82' lang='grc' dir='ltr'>τῇ</span> <span class='ocrx_word' id='word_1_96' title='bbox 2258 1517 2577 1609; x_wconf 76' lang='grc' dir='ltr'><em>θαλάσσῃ</em></span> <span class='ocrx_word' id='word_1_97' title='bbox 2624 1524 2779 1598; x_wconf 82' lang='grc' dir='ltr'><em>τοῖς</em></span> <span class='ocrx_word' id='word_1_98' title='bbox 2812 1527 2820 1532; x_wconf 79' lang='grc'><strong>”</strong></span> 
     </span>
     <span class='ocr_line' id='line_1_13' title="bbox 442 1615 2576 1710; baseline 0 -22"><span class='ocrx_word' id='word_1_99' title='bbox 442 1619 565 1709; x_wconf 77' lang='grc' dir='ltr'>γὰρ</span> <span class='ocrx_word' id='word_1_100' title='bbox 611 1615 778 1689; x_wconf 82' lang='grc' dir='ltr'><em>εἶναι</em></span> <span class='ocrx_word' id='word_1_101' title='bbox 821 1626 1029 1689; x_wconf 82' lang='grc' dir='ltr'><em>πᾶσιν</em></span> <span class='ocrx_word' id='word_1_102' title='bbox 1073 1618 1180 1688; x_wconf 81' lang='grc' dir='ltr'>ὅτι</span> <span class='ocrx_word' id='word_1_103' title='bbox 1222 1618 1312 1709; x_wconf 86' lang='grc' dir='ltr'>μὴ</span> <span class='ocrx_word' id='word_1_104' title='bbox 1355 1626 1698 1709; x_wconf 79' lang='grc' dir='ltr'><em>τηροῦντες</em></span> <span class='ocrx_word' id='word_1_105' title='bbox 1731 1638 1732 1641; x_wconf 75' lang='grc'>’</span> <span class='ocrx_word' id='word_1_106' title='bbox 1777 1618 2119 1706; x_wconf 85' lang='grc' dir='ltr'><em>Ῥωμαίοις</em></span> <span class='ocrx_word' id='word_1_107' title='bbox 2161 1620 2576 1710; x_wconf 77' lang='grc' dir='ltr'><em>ἐπιτρέψειν.</em></span> 
     </span>
     <span class='ocr_line' id='line_1_14' title="bbox 442 1718 1697 1812; baseline -0.002 -21"><span class='ocrx_word' id='word_1_108' title='bbox 442 1722 563 1810; x_wconf 81' lang='grc' dir='ltr'><em>τὴν</em></span> <span class='ocrx_word' id='word_1_109' title='bbox 621 1721 850 1812; x_wconf 79' lang='grc' dir='ltr'><em>φιλίαν</em></span> <span class='ocrx_word' id='word_1_110' title='bbox 915 1718 1104 1790; x_wconf 70' lang='grc' dir='ltr'><em>οὐδὲν</em></span> <span class='ocrx_word' id='word_1_111' title='bbox 1169 1723 1514 1809; x_wconf 74' lang='grc' dir='ltr'><em>νίψασθαι</em></span> <span class='ocrx_word' id='word_1_112' title='bbox 1577 1722 1697 1802; x_wconf 83' lang='grc' dir='ltr'>τὰς</span> 
     </span>
    </p>

    <p class='ocr_par' dir='ltr' id='par_1_4' title="bbox 442 1820 1700 1913">
     <span class='ocr_line' id='line_1_15' title="bbox 442 1820 1700 1913; baseline -0.002 -22"><span class='ocrx_word' id='word_1_113' title='bbox 442 1828 665 1911; x_wconf 80' lang='grc' dir='ltr'><em>χεῖρας</em></span> <span class='ocrx_word' id='word_1_114' title='bbox 727 1823 801 1891; x_wconf 74' lang='grc' dir='ltr'>ἐκ</span> <span class='ocrx_word' id='word_1_115' title='bbox 863 1830 981 1913; x_wconf 83' lang='grc' dir='ltr'>τῆς</span> <span class='ocrx_word' id='word_1_116' title='bbox 1043 1820 1394 1911; x_wconf 83' lang='grc' dir='ltr'><em>θαλάσσης</em></span> <span class='ocrx_word' id='word_1_117' title='bbox 1454 1821 1700 1913; x_wconf 85' lang='grc' dir='ltr'><em>τολμή-</em></span> 
     </span>
    </p>

    <p class='ocr_par' dir='ltr' id='par_1_5' title="bbox 445 1949 695 1994">
     <span class='ocr_line' id='line_1_16' title="bbox 445 1949 695 1994; baseline -0.008 0"><span class='ocrx_word' id='word_1_118' title='bbox 445 1949 695 1994; x_wconf 84' lang='grc' dir='ltr'><em>σουσιν.</em></span> 
     </span>
    </p>
   </div>
   <div class='ocr_carea' id='block_1_4' title="bbox 339 2058 2788 3884">
    <p class='ocr_par' dir='ltr' id='par_1_6' title="bbox 339 2058 2777 2654">
     <span class='ocr_line' id='line_1_17' title="bbox 618 2058 2777 2146; baseline 0.001 -20"><span class='ocrx_word' id='word_1_119' title='bbox 618 2060 919 2146; x_wconf 83' lang='lat' dir='ltr'>Polybius</span> <span class='ocrx_word' id='word_1_120' title='bbox 988 2080 1101 2125; x_wconf 91' lang='lat' dir='ltr'>seu</span> <span class='ocrx_word' id='word_1_121' title='bbox 1168 2058 1505 2123; x_wconf 82' lang='lat' dir='ltr'>brevit-atis</span> <span class='ocrx_word' id='word_1_122' title='bbox 1569 2059 1784 2124; x_wconf 85' lang='lat' dir='ltr'>studio</span> <span class='ocrx_word' id='word_1_123' title='bbox 1858 2081 1971 2125; x_wconf 90' lang='lat' dir='ltr'>seu</span> <span class='ocrx_word' id='word_1_124' title='bbox 2037 2061 2472 2129; x_wconf 88' lang='lat' dir='ltr'>Romanorum</span> <span class='ocrx_word' id='word_1_125' title='bbox 2543 2063 2777 2129; x_wconf 84' lang='lat' dir='ltr'>favore</span> 
     </span>
     <span class='ocr_line' id='line_1_18' title="bbox 447 2158 2775 2249; baseline -0 -17"><span class='ocrx_word' id='word_1_126' title='bbox 447 2169 806 2233; x_wconf 86' lang='lat' dir='ltr'>commotus</span> <span class='ocrx_word' id='word_1_127' title='bbox 836 2166 903 2226; x_wconf 92' lang='lat' dir='ltr'>et</span> <span class='ocrx_word' id='word_1_128' title='bbox 933 2160 1001 2225; x_wconf 87' lang='lat' dir='ltr'>C.</span> <span class='ocrx_word' id='word_1_129' title='bbox 1038 2158 1296 2224; x_wconf 86' lang='lat' dir='ltr'>Claudii</span> <span class='ocrx_word' id='word_1_130' title='bbox 1341 2160 1586 2225; x_wconf 88' lang='lat' dir='ltr'>tribuni</span> <span class='ocrx_word' id='word_1_131' title='bbox 1630 2160 1909 2249; x_wconf 87' lang='lat' dir='ltr'>militum</span> <span class='ocrx_word' id='word_1_132' title='bbox 1949 2161 2287 2245; x_wconf 79' lang='lat' dir='ltr'>perfidiam</span> <span class='ocrx_word' id='word_1_133' title='bbox 2333 2172 2398 2228; x_wconf 89' lang='lat' dir='ltr'>et</span> <span class='ocrx_word' id='word_1_134' title='bbox 2441 2165 2775 2249; x_wconf 89' lang='lat' dir='ltr'>proelium</span> 
     </span>
     <span class='ocr_line' id='line_1_19' title="bbox 446 2263 2770 2344; baseline 0 -12"><span class='ocrx_word' id='word_1_135' title='bbox 446 2264 681 2332; x_wconf 86' lang='lat' dir='ltr'>navale</span> <span class='ocrx_word' id='word_1_136' title='bbox 728 2264 965 2342; x_wconf 89' lang='lat' dir='ltr'>omisit,</span> <span class='ocrx_word' id='word_1_137' title='bbox 1025 2280 1234 2344; x_wconf 88' lang='lat' dir='ltr'>neque</span> <span class='ocrx_word' id='word_1_138' title='bbox 1281 2263 1805 2327; x_wconf 88' lang='lat' dir='ltr'>commemoravit</span> <span class='ocrx_word' id='word_1_139' title='bbox 1847 2269 2166 2328; x_wconf 89' lang='lat' dir='ltr'>tentatum</span> <span class='ocrx_word' id='word_1_140' title='bbox 2211 2284 2352 2330; x_wconf 88' lang='lat' dir='ltr'>esse</span> <span class='ocrx_word' id='word_1_141' title='bbox 2396 2287 2437 2331; x_wconf 91' lang='lat' dir='ltr'>a</span> <span class='ocrx_word' id='word_1_142' title='bbox 2484 2266 2770 2334; x_wconf 85' lang='lat' dir='ltr'>Cartha-</span> 
     </span>
     <span class='ocr_line' id='line_1_20' title="bbox 445 2362 2774 2452; baseline 0.001 -19"><span class='ocrx_word' id='word_1_143' title='bbox 445 2365 844 2452; x_wconf 79' lang='lat' dir='ltr'>giniensibus</span> <span class='ocrx_word' id='word_1_144' title='bbox 886 2370 961 2429; x_wconf 90' lang='lat' dir='ltr'>ut</span> <span class='ocrx_word' id='word_1_145' title='bbox 1004 2383 1227 2447; x_wconf 89' lang='lat' dir='ltr'>pacem</span> <span class='ocrx_word' id='word_1_146' title='bbox 1272 2362 1784 2442; x_wconf 74' lang='lat' dir='ltr'>reconciliarent,</span> <span class='ocrx_word' id='word_1_147' title='bbox 1832 2364 1943 2430; x_wconf 87' lang='lat' dir='ltr'>sed</span> <span class='ocrx_word' id='word_1_148' title='bbox 1989 2367 2282 2448; x_wconf 84' lang='lat' dir='ltr'>quamvis</span> <span class='ocrx_word' id='word_1_149' title='bbox 2326 2367 2567 2432; x_wconf 89' lang='lat' dir='ltr'>Philini</span> <span class='ocrx_word' id='word_1_150' title='bbox 2616 2391 2774 2435; x_wconf 91' lang='lat' dir='ltr'>nar-</span> 
     </span>
     <span class='ocr_line' id='line_1_21' title="bbox 448 2463 2770 2543; baseline 0 -5"><span class='ocrx_word' id='word_1_151' title='bbox 448 2471 772 2538; x_wconf 80' lang='lat' dir='ltr'>rationem</span> <span class='ocrx_word' id='word_1_152' title='bbox 817 2465 979 2530; x_wconf 89' lang='lat' dir='ltr'>bene</span> <span class='ocrx_word' id='word_1_153' title='bbox 1023 2463 1305 2543; x_wconf 87' lang='lat' dir='ltr'>noverit,</span> <span class='ocrx_word' id='word_1_154' title='bbox 1350 2469 1577 2530; x_wconf 85' lang='lat' dir='ltr'>tamen·</span> <span class='ocrx_word' id='word_1_155' title='bbox 1610 2486 1811 2531; x_wconf 90' lang='lat' dir='ltr'>unum</span> <span class='ocrx_word' id='word_1_156' title='bbox 1837 2466 2105 2532; x_wconf 88' lang='lat' dir='ltr'>Fabium</span> <span class='ocrx_word' id='word_1_157' title='bbox 2137 2467 2453 2534; x_wconf 90' lang='lat' dir='ltr'>Pictorem</span> <span class='ocrx_word' id='word_1_158' title='bbox 2499 2479 2770 2539; x_wconf 86' lang='lat' dir='ltr'>secutus</span> 
     </span>
     <span class='ocr_line' id='line_1_22' title="bbox 339 2568 2663 2654; baseline 0 -17"><span class='ocrx_word' id='word_1_159' title='bbox 339 2598 344 2603; x_wconf 92' lang='lat'><em>·</em></span> <span class='ocrx_word' id='word_1_160' title='bbox 449 2578 586 2652; x_wconf 89' lang='lat' dir='ltr'>est,</span> <span class='ocrx_word' id='word_1_161' title='bbox 633 2568 747 2654; x_wconf 89' lang='lat' dir='ltr'>qui</span> <span class='ocrx_word' id='word_1_162' title='bbox 791 2568 1115 2632; x_wconf 86' lang='lat' dir='ltr'>Romanos</span> <span class='ocrx_word' id='word_1_163' title='bbox 1157 2568 1297 2650; x_wconf 89' lang='lat' dir='ltr'>pios</span> <span class='ocrx_word' id='word_1_164' title='bbox 1340 2568 1699 2651; x_wconf 83' lang='lat' dir='ltr'>probosque</span> <span class='ocrx_word' id='word_1_165' title='bbox 1743 2568 2030 2634; x_wconf 90' lang='lat' dir='ltr'>homines</span> <span class='ocrx_word' id='word_1_166' title='bbox 2077 2591 2215 2635; x_wconf 87' lang='lat' dir='ltr'>esse</span> <span class='ocrx_word' id='word_1_167' title='bbox 2259 2573 2663 2640; x_wconf 80' lang='lat' dir='ltr'>ostendebat.</span> 
     </span>
    </p>

    <p class='ocr_par' dir='ltr' id='par_1_7' title="bbox 449 2667 2788 3884">
     <span class='ocr_line' id='line_1_23' title="bbox 628 2667 2766 2755; baseline 0.005 -22"><span class='ocrx_word' id='word_1_168' title='bbox 628 2671 723 2733; x_wconf 91' lang='lat' dir='ltr'>De</span> <span class='ocrx_word' id='word_1_169' title='bbox 787 2670 990 2752; x_wconf 88' lang='lat' dir='ltr'>Appio</span> <span class='ocrx_word' id='word_1_170' title='bbox 1048 2667 1319 2733; x_wconf 87' lang='lat' dir='ltr'>Claudio</span> <span class='ocrx_word' id='word_1_171' title='bbox 1384 2670 1645 2733; x_wconf 90' lang='lat' dir='ltr'>consule</span> <span class='ocrx_word' id='word_1_172' title='bbox 1675 2719 1692 2746; x_wconf 90' lang='lat'>‚</span> <span class='ocrx_word' id='word_1_173' title='bbox 1767 2690 1956 2754; x_wconf 88' lang='lat' dir='ltr'>quem</span> <span class='ocrx_word' id='word_1_174' title='bbox 2016 2671 2316 2755; x_wconf 89' lang='lat' dir='ltr'>Polybius</span> <span class='ocrx_word' id='word_1_175' title='bbox 2380 2676 2547 2740; x_wconf 90' lang='lat' dir='ltr'>mira</span> <span class='ocrx_word' id='word_1_176' title='bbox 2613 2698 2766 2744; x_wconf 88' lang='lat' dir='ltr'>cum</span> 
     </span>
     <span class='ocr_line' id='line_1_24' title="bbox 449 2770 2767 2860; baseline 0.001 -19"><span class='ocrx_word' id='word_1_177' title='bbox 449 2774 730 2845; x_wconf 85' lang='lat' dir='ltr'>audacia</span> <span class='ocrx_word' id='word_1_178' title='bbox 772 2770 1008 2835; x_wconf 88' lang='lat' dir='ltr'>fretum</span> <span class='ocrx_word' id='word_1_179' title='bbox 1053 2770 1339 2836; x_wconf 87' lang='lat' dir='ltr'>Siculum</span> <span class='ocrx_word' id='word_1_180' title='bbox 1385 2775 1854 2852; x_wconf 88' lang='lat' dir='ltr'>transgressum</span> <span class='ocrx_word' id='word_1_181' title='bbox 1895 2793 2032 2837; x_wconf 88' lang='lat' dir='ltr'>esse</span> <span class='ocrx_word' id='word_1_182' title='bbox 2076 2775 2265 2854; x_wconf 85' lang='lat' dir='ltr'>dicit,</span> <span class='ocrx_word' id='word_1_183' title='bbox 2338 2777 2513 2860; x_wconf 89' lang='lat' dir='ltr'>apud</span> <span class='ocrx_word' id='word_1_184' title='bbox 2559 2777 2767 2845; x_wconf 87' lang='lat' dir='ltr'>Fron-</span> 
     </span>
     <span class='ocr_line' id='line_1_25' title="bbox 449 2871 2764 2963; baseline 0.001 -17"><span class='ocrx_word' id='word_1_185' title='bbox 449 2881 663 2947; x_wconf 83' lang='lat' dir='ltr'>tinum</span> <span class='ocrx_word' id='word_1_186' title='bbox 704 2878 762 2955; x_wconf 87' lang='lat'>1)</span> <span class='ocrx_word' id='word_1_187' title='bbox 804 2871 961 2937; x_wconf 87' lang='lat' dir='ltr'>haec</span> <span class='ocrx_word' id='word_1_188' title='bbox 1005 2872 1312 2955; x_wconf 87' lang='lat' dir='ltr'>legimus:</span> <span class='ocrx_word' id='word_1_189' title='bbox 1374 2874 1662 2957; x_wconf 87' lang='lat' dir='ltr'>„Appius</span> <span class='ocrx_word' id='word_1_190' title='bbox 1709 2872 2016 2940; x_wconf 84' lang='lat' dir='ltr'>Claudius</span> <span class='ocrx_word' id='word_1_191' title='bbox 2063 2877 2283 2942; x_wconf 89' lang='lat' dir='ltr'>consul</span> <span class='ocrx_word' id='word_1_192' title='bbox 2334 2881 2543 2963; x_wconf 91' lang='lat' dir='ltr'>primo</span> <span class='ocrx_word' id='word_1_193' title='bbox 2587 2881 2764 2949; x_wconf 90' lang='lat' dir='ltr'>bello</span> 
     </span>
     <span class='ocr_line' id='line_1_26' title="bbox 452 2973 2762 3066; baseline 0.003 -22"><span class='ocrx_word' id='word_1_194' title='bbox 452 2979 701 3049; x_wconf 92' lang='lat' dir='ltr'>Punico</span> <span class='ocrx_word' id='word_1_195' title='bbox 726 3027 741 3053; x_wconf 91' lang='lat'>‚</span> <span class='ocrx_word' id='word_1_196' title='bbox 816 2996 960 3039; x_wconf 92' lang='lat' dir='ltr'>cum</span> <span class='ocrx_word' id='word_1_197' title='bbox 1019 2995 1060 3039; x_wconf 92' lang='lat' dir='ltr'>a</span> <span class='ocrx_word' id='word_1_198' title='bbox 1105 2974 1346 3056; x_wconf 85' lang='lat' dir='ltr'>Rhegio</span> <span class='ocrx_word' id='word_1_199' title='bbox 1402 2973 1765 3040; x_wconf 80' lang='lat' dir='ltr'>Messanam</span> <span class='ocrx_word' id='word_1_200' title='bbox 1809 2977 2081 3041; x_wconf 82' lang='lat' dir='ltr'>traicere</span> <span class='ocrx_word' id='word_1_201' title='bbox 2125 2979 2393 3046; x_wconf 88' lang='lat' dir='ltr'>militem</span> <span class='ocrx_word' id='word_1_202' title='bbox 2438 2984 2762 3066; x_wconf 88' lang='lat' dir='ltr'>nequiret,</span> 
     </span>
     <span class='ocr_line' id='line_1_27' title="bbox 452 3076 2764 3168; baseline 0.001 -19"><span class='ocrx_word' id='word_1_203' title='bbox 452 3077 963 3152; x_wconf 89' lang='lat' dir='ltr'>custodientibus</span> <span class='ocrx_word' id='word_1_204' title='bbox 1007 3076 1241 3140; x_wconf 83' lang='lat' dir='ltr'>fretum</span> <span class='ocrx_word' id='word_1_205' title='bbox 1291 3076 1551 3153; x_wconf 87' lang='lat' dir='ltr'>Poenis,</span> <span class='ocrx_word' id='word_1_206' title='bbox 1606 3079 1845 3168; x_wconf 82' lang='lat' dir='ltr'>sparsit</span> <span class='ocrx_word' id='word_1_207' title='bbox 1888 3099 2208 3145; x_wconf 89' lang='lat' dir='ltr'>rumorem</span> <span class='ocrx_word' id='word_1_208' title='bbox 2227 3131 2241 3156; x_wconf 91' lang='lat'>‚</span> <span class='ocrx_word' id='word_1_209' title='bbox 2288 3084 2474 3165; x_wconf 85' lang='lat' dir='ltr'>quasi</span> <span class='ocrx_word' id='word_1_210' title='bbox 2516 3084 2764 3152; x_wconf 90' lang='lat' dir='ltr'>bellum</span> 
     </span>
     <span class='ocr_line' id='line_1_28' title="bbox 452 3180 2760 3276; baseline 0.001 -24"><span class='ocrx_word' id='word_1_211' title='bbox 452 3186 704 3253; x_wconf 87' lang='lat' dir='ltr'>iniussu</span> <span class='ocrx_word' id='word_1_212' title='bbox 769 3180 989 3265; x_wconf 90' lang='lat' dir='ltr'>populi</span> <span class='ocrx_word' id='word_1_213' title='bbox 1047 3182 1370 3262; x_wconf 91' lang='lat' dir='ltr'>inceptum</span> <span class='ocrx_word' id='word_1_214' title='bbox 1429 3198 1650 3260; x_wconf 86' lang='lat' dir='ltr'>gerere</span> <span class='ocrx_word' id='word_1_215' title='bbox 1710 3200 1829 3242; x_wconf 90' lang='lat' dir='ltr'>non</span> <span class='ocrx_word' id='word_1_216' title='bbox 1890 3188 2139 3264; x_wconf 88' lang='lat' dir='ltr'>posset,</span> <span class='ocrx_word' id='word_1_217' title='bbox 2227 3184 2626 3276; x_wconf 73' lang='lat' dir='ltr'>classemque</span> <span class='ocrx_word' id='word_1_218' title='bbox 2693 3189 2760 3254; x_wconf 89' lang='lat' dir='ltr'>in</span> 
     </span>
     <span class='ocr_line' id='line_1_29' title="bbox 453 3279 2762 3370; baseline 0.001 -15"><span class='ocrx_word' id='word_1_219' title='bbox 453 3286 718 3356; x_wconf 89' lang='lat' dir='ltr'>Italiam</span> <span class='ocrx_word' id='word_1_220' title='bbox 762 3301 982 3347; x_wconf 86' lang='lat' dir='ltr'>versus</span> <span class='ocrx_word' id='word_1_221' title='bbox 1026 3301 1093 3346; x_wconf 90' lang='lat' dir='ltr'>se</span> <span class='ocrx_word' id='word_1_222' title='bbox 1153 3300 1341 3363; x_wconf 87' lang='lat' dir='ltr'>agere</span> <span class='ocrx_word' id='word_1_223' title='bbox 1396 3280 1740 3346; x_wconf 87' lang='lat' dir='ltr'>simulavit.</span> <span class='ocrx_word' id='word_1_224' title='bbox 1876 3281 2198 3367; x_wconf 63' lang='lat' dir='ltr'>Digressis‘</span> <span class='ocrx_word' id='word_1_225' title='bbox 2231 3285 2460 3351; x_wconf 86' lang='lat' dir='ltr'>deinde</span> <span class='ocrx_word' id='word_1_226' title='bbox 2506 3279 2762 3370; x_wconf 82' lang='lat' dir='ltr'>Poenis,</span> 
     </span>
     <span class='ocr_line' id='line_1_30' title="bbox 455 3376 2788 3476; baseline 0.001 -21"><span class='ocrx_word' id='word_1_227' title='bbox 455 3390 569 3476; x_wconf 89' lang='lat' dir='ltr'>qui</span> <span class='ocrx_word' id='word_1_228' title='bbox 624 3384 1004 3472; x_wconf 83' lang='lat' dir='ltr'>profectioni</span> <span class='ocrx_word' id='word_1_229' title='bbox 1048 3383 1184 3448; x_wconf 88' lang='lat' dir='ltr'>eius</span> <span class='ocrx_word' id='word_1_230' title='bbox 1228 3376 1604 3449; x_wconf 75' lang='lat' dir='ltr'>habuerant</span> <span class='ocrx_word' id='word_1_231' title='bbox 1634 3383 1826 3448; x_wconf 88' lang='lat' dir='ltr'>fidem</span> <span class='ocrx_word' id='word_1_232' title='bbox 1851 3435 1866 3464; x_wconf 90' lang='lat'>,</span> <span class='ocrx_word' id='word_1_233' title='bbox 1941 3385 2360 3452; x_wconf 86' lang='lat' dir='ltr'>circumactas</span> <span class='ocrx_word' id='word_1_234' title='bbox 2402 3410 2603 3455; x_wconf 87' lang='lat' dir='ltr'>naves</span> <span class='ocrx_word' id='word_1_235' title='bbox 2648 3394 2788 3458; x_wconf 80' lang='lat' dir='ltr'>ad-&#39;</span> 
     </span>
     <span class='ocr_line' id='line_1_31' title="bbox 454 3485 2760 3580; baseline 0.001 -23"><span class='ocrx_word' id='word_1_236' title='bbox 454 3490 625 3580; x_wconf 88' lang='lat' dir='ltr'>pulit</span> <span class='ocrx_word' id='word_1_237' title='bbox 654 3487 971 3553; x_wconf 87' lang='lat' dir='ltr'>Siciliae.“</span> <span class='ocrx_word' id='word_1_238' title='bbox 1020 3488 1198 3567; x_wconf 83' lang='lat' dir='ltr'>Quae</span> <span class='ocrx_word' id='word_1_239' title='bbox 1243 3485 1730 3553; x_wconf 86' lang='lat' dir='ltr'>narratiuncula</span> <span class='ocrx_word' id='word_1_240' title='bbox 1749 3535 1765 3564; x_wconf 97' lang='lat'>,</span> <span class='ocrx_word' id='word_1_241' title='bbox 1809 3507 1952 3551; x_wconf 90' lang='lat' dir='ltr'>cum</span> <span class='ocrx_word' id='word_1_242' title='bbox 1985 3485 2147 3553; x_wconf 92' lang='lat' dir='ltr'>nihil</span> <span class='ocrx_word' id='word_1_243' title='bbox 2177 3490 2299 3555; x_wconf 87' lang='lat' dir='ltr'>nisi</span> <span class='ocrx_word' id='word_1_244' title='bbox 2320 3489 2760 3560; x_wconf 90' lang='lat' dir='ltr'>Romanorum</span> 
     </span>
     <span class='ocr_line' id='line_1_32' title="bbox 456 3587 2760 3679; baseline 0.001 -18"><span class='ocrx_word' id='word_1_245' title='bbox 456 3592 767 3662; x_wconf 84' lang='lat' dir='ltr'>astutiam</span> <span class='ocrx_word' id='word_1_246' title='bbox 813 3588 1072 3667; x_wconf 79' lang='lat' dir='ltr'>efferat,</span> <span class='ocrx_word' id='word_1_247' title='bbox 1119 3610 1154 3653; x_wconf 90' lang='lat' dir='ltr'>e</span> <span class='ocrx_word' id='word_1_248' title='bbox 1186 3588 1368 3654; x_wconf 78' lang='lat' dir='ltr'>Livio</span> <span class='ocrx_word' id='word_1_249' title='bbox 1411 3593 1528 3652; x_wconf 88' lang='lat' dir='ltr'>aut</span> <span class='ocrx_word' id='word_1_250' title='bbox 1571 3593 1745 3653; x_wconf 90' lang='lat' dir='ltr'>certe</span> <span class='ocrx_word' id='word_1_251' title='bbox 1791 3587 2077 3653; x_wconf 89' lang='lat' dir='ltr'>Romano</span> <span class='ocrx_word' id='word_1_252' title='bbox 2123 3591 2400 3673; x_wconf 89' lang='lat' dir='ltr'>quodam</span> <span class='ocrx_word' id='word_1_253' title='bbox 2444 3594 2760 3679; x_wconf 87' lang='lat' dir='ltr'>scriptore</span> 
     </span>
     <span class='ocr_line' id='line_1_33' title="bbox 458 3689 2761 3777; baseline 0 -14"><span class='ocrx_word' id='word_1_254' title='bbox 458 3699 696 3763; x_wconf 86' lang='lat' dir='ltr'>hausta</span> <span class='ocrx_word' id='word_1_255' title='bbox 738 3712 875 3758; x_wconf 90' lang='lat' dir='ltr'>esse</span> <span class='ocrx_word' id='word_1_256' title='bbox 921 3693 1205 3771; x_wconf 81' lang='lat' dir='ltr'>videtur3</span> <span class='ocrx_word' id='word_1_257' title='bbox 1279 3689 1411 3756; x_wconf 85' lang='lat' dir='ltr'>alia</span> <span class='ocrx_word' id='word_1_258' title='bbox 1455 3696 1672 3755; x_wconf 90' lang='lat' dir='ltr'>autem</span> <span class='ocrx_word' id='word_1_259' title='bbox 1718 3691 2238 3772; x_wconf 89' lang='lat' dir='ltr'>narratiuncula,</span> <span class='ocrx_word' id='word_1_260' title='bbox 2312 3713 2506 3777; x_wconf 88' lang='lat' dir='ltr'>quam</span> <span class='ocrx_word' id='word_1_261' title='bbox 2554 3696 2761 3763; x_wconf 88' lang='lat' dir='ltr'>Zona·</span> 
     </span>
     <span class='ocr_line' id='line_1_34' title="bbox 457 3792 2763 3884; baseline 0 -18"><span class='ocrx_word' id='word_1_262' title='bbox 457 3821 569 3870; x_wconf 87' lang='lat' dir='ltr'>ras</span> <span class='ocrx_word' id='word_1_263' title='bbox 585 3800 642 3877; x_wconf 78' lang='grc'>2)</span> <span class='ocrx_word' id='word_1_264' title='bbox 684 3798 1029 3863; x_wconf 82' lang='lat' dir='ltr'>memoriae</span> <span class='ocrx_word' id='word_1_265' title='bbox 1064 3794 1438 3884; x_wconf 18' lang='lat' dir='ltr'>(mandavit,</span> <span class='ocrx_word' id='word_1_266' title='bbox 1484 3792 2108 3877; x_wconf 85' lang='lat' dir='ltr'>Carthaginiensium</span> <span class='ocrx_word' id='word_1_267' title='bbox 2154 3794 2371 3859; x_wconf 88' lang='lat' dir='ltr'>dolum</span> <span class='ocrx_word' id='word_1_268' title='bbox 2413 3796 2648 3877; x_wconf 84' lang='lat' dir='ltr'>refert,</span> <span class='ocrx_word' id='word_1_269' title='bbox 2694 3805 2763 3866; x_wconf 89' lang='lat' dir='ltr'>et</span> 
     </span>
    </p>
   </div>
   <div class='ocr_carea' id='block_1_5' title="bbox 467 3956 877 3967">
    <p class='ocr_par' dir='ltr' id='par_1_8' title="bbox 467 3956 877 3967">
     <span class='ocr_line' id='line_1_35' title="bbox 467 3956 877 3967; baseline 0 1054"><span class='ocrx_word' id='word_1_270' title='bbox 467 3956 877 3967; x_wconf 95' lang='lat' dir='ltr'> </span> 
     </span>
    </p>
   </div>
   <div class='ocr_carea' id='block_1_6' title="bbox 464 4037 2763 4371">
    <p class='ocr_par' dir='ltr' id='par_1_9' title="bbox 603 4042 990 4087">
     <span class='ocr_line' id='line_1_36' title="bbox 603 4042 990 4087; baseline -0.005 2"><span class='ocrx_word' id='word_1_271' title='bbox 603 4042 624 4079; x_wconf 80' lang='lat' dir='ltr'>l</span> <span class='ocrx_word' id='word_1_272' title='bbox 978 4073 990 4087; x_wconf 87' lang='lat'><strong><em>.</em></strong></span> 
     </span>
    </p>

    <p class='ocr_par' dir='ltr' id='par_1_10' title="bbox 464 4037 2763 4371">
     <span class='ocr_line' id='line_1_37' title="bbox 603 4037 2763 4196; baseline -0.004 -16"><span class='ocrx_word' id='word_1_273' title='bbox 603 4039 651 4195; x_wconf 56' lang='lat'>²}</span> <span class='ocrx_word' id='word_1_274' title='bbox 715 4037 975 4196; x_wconf 42' lang='lat'>1351312191.</span> <span class='ocrx_word' id='word_1_275' title='bbox 1046 4115 1078 4172; x_wconf 78' lang='grc' dir='ltr'>ὃ</span> <span class='ocrx_word' id='word_1_276' title='bbox 1123 4115 1329 4193; x_wconf 75' lang='grc' dir='ltr'><em>μαθὼν</em></span> <span class='ocrx_word' id='word_1_277' title='bbox 1379 4112 1410 4169; x_wconf 85' lang='grc' dir='ltr'>ὁ</span> <span class='ocrx_word' id='word_1_278' title='bbox 1453 4110 1658 4170; x_wconf 57' lang='lat' dir='ltr'>&amp;uaros</span> <span class='ocrx_word' id='word_1_279' title='bbox 1704 4111 1811 4183; x_wconf 77' lang='grc' dir='ltr'>ἤδη</span> <span class='ocrx_word' id='word_1_280' title='bbox 1850 4113 2186 4187; x_wconf 77' lang='grc' dir='ltr'><em>πλησιάζων,</em></span> <span class='ocrx_word' id='word_1_281' title='bbox 2243 4113 2316 4176; x_wconf 77' lang='grc' dir='ltr'>ὥς</span> <span class='ocrx_word' id='word_1_282' title='bbox 2358 4104 2479 4189; x_wconf 77' lang='grc' dir='ltr'><em>εὗρε</em></span> <span class='ocrx_word' id='word_1_283' title='bbox 2521 4113 2763 4190; x_wconf 70' lang='grc' dir='ltr'><em>’συχνοὺς</em></span> 
     </span>
     <span class='ocr_line' id='line_1_38' title="bbox 464 4200 2761 4285; baseline -0.006 -19"><span class='ocrx_word' id='word_1_284' title='bbox 464 4212 644 4267; x_wconf 80' lang='grc' dir='ltr'><em>αὐτῶν</em></span> <span class='ocrx_word' id='word_1_285' title='bbox 679 4213 776 4285; x_wconf 87' lang='lat' dir='ltr'>(sc.</span> <span class='ocrx_word' id='word_1_286' title='bbox 815 4215 924 4265; x_wconf 81' lang='grc' dir='ltr'><em>τῶν</em></span> <span class='ocrx_word' id='word_1_287' title='bbox 939 4209 1361 4284; x_wconf 78' lang='grc' dir='ltr'><em>Καρχηδονίων)</em></span> <span class='ocrx_word' id='word_1_288' title='bbox 1398 4207 1656 4279; x_wconf 79' lang='grc' dir='ltr'><em>πολλαχῇ</em></span> <span class='ocrx_word' id='word_1_289' title='bbox 1689 4200 1827 4257; x_wconf 79' lang='grc' dir='ltr'><em>κατὰ</em></span> <span class='ocrx_word' id='word_1_290' title='bbox 1862 4200 2150 4275; x_wconf 83' lang='grc' dir='ltr'><em>πρόφασιν</em></span> <span class='ocrx_word' id='word_1_291' title='bbox 2185 4204 2459 4276; x_wconf 75' lang='grc' dir='ltr'><em>ἐμπορίας</em></span> <span class='ocrx_word' id='word_1_292' title='bbox 2494 4204 2761 4279; x_wconf 66' lang='grc' dir='ltr'><em>ἐλλιμενι-</em></span> 
     </span>
     <span class='ocr_line' id='line_1_39' title="bbox 466 4288 2435 4371; baseline -0.005 -15"><span class='ocrx_word' id='word_1_293' title='bbox 466 4303 652 4363; x_wconf 73' lang='grc' dir='ltr'><em>ζοντας</em></span> <span class='ocrx_word' id='word_1_294' title='bbox 687 4297 993 4369; x_wconf 73' lang='grc' dir='ltr'><em>ἐξηπάτησε</em></span> <span class='ocrx_word' id='word_1_295' title='bbox 1029 4302 1179 4371; x_wconf 75' lang='grc' dir='ltr'><em>σφᾶς</em></span> <span class='ocrx_word' id='word_1_296' title='bbox 1212 4293 1365 4356; x_wconf 83' lang='grc' dir='ltr'><em>ὅπως</em></span> <span class='ocrx_word' id='word_1_297' title='bbox 1400 4297 1557 4361; x_wconf 73' lang='grc' dir='ltr'><em>ιέλθη</em></span> <span class='ocrx_word' id='word_1_298' title='bbox 1594 4290 1691 4347; x_wconf 83' lang='grc' dir='ltr'><em>τὸν</em></span> <span class='ocrx_word' id='word_1_299' title='bbox 1728 4288 1994 4365; x_wconf 71' lang='grc' dir='ltr'><em>πόρθμον</em></span> <span class='ocrx_word' id='word_1_300' title='bbox 2028 4290 2435 4365; x_wconf 77' lang='grc' dir='ltr'><em>ἀσφαλέστατα.</em></span> 
     </span>
    </p>
   </div>
   <div class='ocr_carea' id='block_1_7' title="bbox 3047 2684 3052 3193">
    <p class='ocr_par' dir='ltr' id='par_1_11' title="bbox 3047 2684 3052 3193">
     <span class='ocr_line' id='line_1_40' title="bbox 3047 2684 3052 3193; baseline 0 0"><span class='ocrx_word' id='word_1_301' title='bbox 3047 2684 3052 3193; x_wconf 95' lang='lat' dir='ltr'> </span> 
     </span>
    </p>
   </div>
  </div>
 </body>
</html>
