3088 5021
1431 331 1511 394 33

306 515 422 559 sus
463 495 589 573 sit,
636 494 784 559 dolo
826 514 862 559 e
905 493 1207 578 periculo.
1235 495 1541 574 evasisse;
1587 513 1753 577 quae
1798 495 2122 574 narratiO,
2165 516 2310 561 cum
2354 516 2397 562 a
2438 498 2615 565 nullo

309 596 443 660 alio
488 597 800 680 scriptore
843 597 1087 662 tradita
1130 595 1248 678 sit,
1309 595 1481 662 unde
1524 595 1762 663 hausta
1806 598 1925 677 sit,
1984 595 2176 663 certis
2219 602 2616 680 argumentis

307 697 680 764 confirmari
723 719 850 763 non
892 702 1124 783 potest.
2217 696 2226 701 ’

481 800 551 866 C.
576 800 908 879 Duellius,
951 807 1292 885 postquam
1322 798 1655 882 Segestam
1701 801 1927 866 urbem
1971 801 2054 866 ab
2098 799 2428 866 obsidione
2458 802 2613 867 Poe-

309 922 542 966 norum
601 900 902 966 liberavit
969 908 1034 968 et
1077 902 1415 969 Macellam
1482 901 1789 986 oppidum
1854 903 2277 987 expugnavit,
2349 903 2617 970 Romam

306 1003 535 1081 rediit,
581 1004 689 1068 ubi
722 1004 900 1069 Livio
936 1008 981 1085 ι)
1028 1011 1223 1087 teste,
1270 1025 1460 1089 quem
1493 1003 1789 1069 Valerius
1819 1005 2139 1069 Maximus
2164 1005 2245 1090 2),
2289 1005 2518 1072 Florus
2536 1009 2619 1088 3),

311 1106 610 1170 Aurelius
640 1106 864 1177 Victor
895 1110 950 1187 ⁴¹)
995 1107 1198 1172 secuti
1243 1112 1429 1185 sunt,
1496 1106 1862 1192 triumphus
1904 1112 2253 1191 perpetuus
2299 1108 2357 1172 ei
2403 1108 2618 1174 decre-

309 1214 419 1272 tus
482 1215 598 1272 est.
708 1208 1024 1273 Columna
1083 1209 1360 1292 denique
1416 1214 1702 1272 rostrata
1764 1210 1828 1274 in
1892 1208 2125 1274 Duellii
2182 1208 2488 1274 honorem
2544 1209 2616 1275 in

306 1308 450 1373 foro
493 1310 706 1393 posita
749 1320 877 1390 est,
950 1332 1143 1394 quam
1189 1309 1260 1375 C.
1308 1310 1558 1375 Plinius
1590 1314 1645 1390 ⁵)
1694 1331 1761 1376 se
1807 1312 2041 1376 vidisse
2086 1311 2262 1375 dicit.
2353 1311 2478 1376 Sed
2521 1313 2617 1375 in-

306 1416 413 1474 ter
456 1411 747 1476 homines
791 1412 1012 1477 doctos
1059 1433 1229 1477 nunc
1273 1417 1528 1478 constat
1560 1414 1653 1492 6),
1711 1412 2023 1492 indicem,
2085 1432 2251 1495 quae
2294 1434 2465 1477 nunc
2508 1434 2615 1479 ex—

305 1518 443 1578 stat
483 1513 561 1578 de
606 1513 676 1578 C.
733 1512 960 1579 Duellii
1005 1513 1272 1579 victoria
1315 1514 1577 1595 navali,
1651 1514 1920 1579 Claudio
1980 1517 2338 1598 imperante
2397 1516 2465 1579 in
2512 1536 2611 1581 co·

304 1615 566 1679 lumnae
610 1616 749 1681 basi
795 1637 933 1681 esse
976 1617 1277 1696 incisam,
1324 1622 1519 1681 antea
1563 1623 1681 1682 aut
1722 1617 1970 1682 nullam
2015 1624 2132 1682 aut
2175 1617 2616 1683 brevissimam

302 1718 644 1783 columnae
688 1718 884 1784 fuisse
927 1720 1322 1802 inscriptam.

275 1838 277 1840 ·
485 1820 755 1912 Romani
813 1819 1048 1884 Duellii
1101 1821 1375 1886 victoria
1436 1819 1591 1886 elati
1656 1820 1993 1885 confestim
2055 1820 2134 1883 de
2190 1819 2493 1887 Sardinia
2531 1829 2617 1902 vet

305 1920 568 1987 Corsica
625 1922 1002 2007 occupanda
1055 1922 1434 2005 inceperunt
1478 1924 1792 2006 cogitare,
1866 1942 2062 2004 quam
2108 1921 2188 1986 ob
2236 1945 2367 1987 rem
2433 1930 2613 1989 sexto

302 2023 460 2089 belli
521 2046 691 2090 anno
749 2024 1074 2090 consulem
1124 2025 1194 2089 L.
1244 2025 1613 2090 Cornelium
1659 2025 2021 2107 Scipionem
2080 2045 2226 2088 cum
2288 2027 2492 2091 classe
2536 2048 2650 2091 eo.

301 2128 634 2191 miserunt.
724 2127 957 2191 Mirum
1002 2134 1136 2207 est,
1180 2129 1350 2210 quod
1398 2127 1702 2211 Polybius
1746 2127 1914 2192 hanc
1958 2125 2434 2209 expeditionem
2481 2149 2610 2193 non

301 2231 826 2294 commemoravit
848 2279 864 2309 ,
956 2251 1123 2313 quae
1188 2251 1229 2294 a
1290 2231 1520 2296 ceteris
1593 2249 1809 2294 rerum
1872 2227 2304 2311 scriptoribus
2364 2230 2613 2314 prolixe

300 2338 570 2396 narrata
614 2340 728 2396 est.
838 2332 936 2396 ‘In
979 2332 1143 2396 Livii
1189 2332 1493 2415 periocha
1535 2331 1686 2397 libri
1730 2330 1918 2396 XVII
1956 2331 2256 2411 legimus,
2331 2332 2403 2396 L.
2455 2332 2606 2398 Cor·

303 2433 548 2498 nelium
608 2434 931 2498 consulem
983 2435 1053 2498 in
1097 2434 1317 2498 Sicilia
1360 2441 1426 2499 et
1470 2433 1732 2498 Corsica
1792 2437 2019 2496 contra
2063 2431 2304 2498 Sardos
2347 2440 2413 2498 et
2458 2434 2610 2499 Cor-

300 2556 408 2601 sos
452 2541 518 2600 et
565 2536 978 2616 Hannonem,
1028 2538 1387 2602 Poenorum
1432 2531 1689 2609 ducem,
1747 2534 2023 2599 feliciter
2066 2555 2420 2619 pugnasse;
2483 2537 2612 2601 Eu-

188 2679 203 2689 .
305 2638 556 2721 tropius
586 2640 651 2723 7)
684 2639 868 2712 ,Livii
912 2641 1343 2705 narrationem
1387 2640 1456 2704 in
1502 2640 1711 2702 maius
1756 2636 2060 2702 extulisse
2104 2636 2390 2716 videtur,
2465 2659 2610 2702 cum

304 2741 528 2806 tradat
571 2763 613 2807 a
656 2742 950 2808 Cornelio
1009 2743 1250 2807 insulas
1302 2741 1448 2807 illas
1507 2745 1792 2805 vastatas
1849 2758 1987 2802 esse
2043 2743 2111 2802 et
2167 2738 2376 2804 multa
2429 2740 2611 2806 milia

305 2843 639 2909 hominum
681 2851 877 2928 capta‘
898 2866 914 2925 3
959 2844 1186 2909 Florus
1216 2846 1270 2923 8)
1317 2851 1677 2927 temporum
1723 2842 1977 2904 ratione
2021 2861 2148 2905 non
2193 2841 2419 2906 habita
2461 2849 2611 2926 post

309 2935 592 3027 Calatini
646 2947 1048 3012 consulatum
1106 2967 1147 3012 a
1190 2946 1485 3031 Scipione
1528 2944 1720 3009 urbes
1765 2942 2019 3007 Olbiam
2062 2948 2128 3006 et
2174 2943 2455 3008 Aleriam
2503 2945 2612 3009 de-

307 3047 473 3124 letas
514 3069 650 3113 esse
695 3056 941 3113 narrat.
1066 3049 1409 3113 Frontinus
1439 3050 1502 3129 9)
1547 3045 1795 3111 duobus
1836 3043 1993 3110 locis
2035 3042 2236 3109 refert
2279 3046 2610 3129 copiarum

295 3156 587 3235 partem,
631 3163 827 3234 quam
872 3152 1082 3234 Scipio
1127 3152 1197 3215 in
1241 3150 1489 3214 insidiis
1532 3148 1879 3225 locaverit,
1940 3167 2084 3210 cum
2129 3147 2351 3211 consul
2395 3147 2611 3214 hostes

307 3274 423 3337 per
467 3254 741 3337 speciem
785 3252 974 3337 fugae
1016 3254 1207 3337 longe
1248 3253 1330 3319 ab
1363 3251 1629 3316 urbibus
1673 3249 2068 3325 avocaverit,
2115 3249 2305 3314 urbes
2349 3250 2611 3318 relictas

309 3357 693 3438 oppressisse
738 3363 804 3420 et
845 3357 1203 3439 diripuisse.
1324 3356 1377 3419 E
1421 3355 1674 3418 Zonara
1710 3353 1795 3429 1⁰)
1842 3348 2303 3432 comperimus,
2372 3351 2609 3417 Corne-

310 3457 466 3521 lium
511 3458 788 3540 primum
819 3457 1140 3522 Corsicam
1186 3477 1555 3541 aggressum
1593 3454 1871 3526 Aleriam
1918 3453 2143 3518 urbem
2187 3473 2612 3536 expugnasse,

309 3566 374 3625 et
427 3566 633 3624 totam
685 3560 965 3624 insulam
1021 3559 1373 3641 subegisse;
1450 3556 1683 3622 deinde
1741 3558 1808 3621 in
1856 3556 2220 3621 Sardiniam
2277 3556 2610 3639 naviganti

307 3663 555 3728 consuli
597 3682 794 3727 naves
833 3662 1082 3746 aliquot
1113 3659 1745 3745 Carthaginiensium
1774 3658 2216 3738 obvenienteS,
2261 3662 2611 3742 antequam

448 3888 491 3957 l)
564 3886 663 3960 cfr.
697 3886 940 3956 perioch.
994 3886 1032 3940 1.
1069 3887 1240 3943 XVII.
1381 3887 1427 3955 2)
1495 3886 1606 3955 ΙΠ,
1643 3888 1695 3953 6,
1727 3887 1780 3939 4.
1920 3884 1969 3950 3)
2042 3902 2095 3954 p.
2118 3887 2203 3940 30.
2239 3883 2323 3939 ed.
2354 3883 2518 3938 Jahn.

448 3976 491 4043 4)
563 3991 610 4028 c.
653 3973 957 4030 XXXVIII.
1100 3975 1144 4044 5)
1215 3978 1326 4028 nat.
1363 3974 1492 4028 hist.
1529 3972 1781 4028 XXXIV.
1820 3973 1908 4025 20.

450 4063 495 4131 ⁶)
563 4061 663 4116 cfr.
699 4059 919 4115 Bitschl
955 4062 1024 4116 de
1055 4062 1415 4131 inscriptione
1468 4077 1610 4129 quae
1652 4059 1829 4113 fertur
1864 4058 2151 4113 columnae
2184 4061 2460 4113 rostratae
2495 4057 2609 4112 Du·

307 4151 558 4204 ellianae.
631 4149 810 4203 Berol.
850 4151 1001 4205 1852.
1073 4150 1299 4203 Bonnae
1340 4151 1492 4203 1861.
1556 4149 1870 4202 'Mommsen
1925 4163 1972 4200 c.
2019 4146 2057 4199 i.
2110 4146 2146 4199 l.
2183 4146 2225 4199 Ι.
2300 4162 2355 4214 p.
2391 4148 2477 4201 40.
2532 4145 2610 4199 id.

306 4238 600 4294 Unterital.
639 4238 903 4291 Dialecte.
958 4255 1011 4306 p.
1048 4239 1134 4292 28.
1335 4236 1380 4305 ¹¹)
1451 4236 1530 4304 11,
1570 4238 1657 4289 20.
1835 4234 1884 4305 8)
1956 4251 2006 4303 p.
2044 4237 2129 4289 30.
2183 4233 2269 4288 ed.
2303 4232 2469 4287 Jahn.
2565 4251 2582 4262 ·

447 4324 494 4395 9)
565 4326 674 4395 ΙΠ,
712 4328 774 4394 9,
802 4328 850 4402 ⁴4
884 4327 942 4379 et
979 4328 1075 4393 10,
1112 4327 1167 4380 2.
1347 4324 1417 4393 ι0)
1488 4323 1649 4393 VIII,
1694 4326 1778 4377 11.

2107 4426 2141 4476 3
