3088 5021
1541 367 1676 454 18·

604 524 983 609 Eutropium
1028 530 1244 591 aetate
1289 527 1579 610 sequitur
1628 527 1896 591 Orosius
1934 525 2289 609 Hispanus,
2334 524 2446 609 qui
2491 525 2741 607 septem

431 626 845 692 historiarum
908 625 1109 693 libros
1168 627 1473 693 adversus
1534 648 1823 711 paganos
1881 628 2255 712 composuit.
2392 625 2555 691 Oum
2616 623 2745 688 sibi

430 729 870 813 proposuisset
914 728 1356 795 demonstrare
1382 781 1397 810 ,
1472 732 1645 795 omni
1700 736 1988 815 tempore
2030 729 2321 795 homines
2365 727 2557 792 malis
2599 746 2746 790 esse

433 827 702 895 afflictos
737 836 786 908 1)
807 881 822 909 ,
881 852 984 895 res
1028 832 1406 916 plerumque
1450 832 1819 918 ampliavit,
1862 852 2324 916 nonnunquam
2370 829 2469 894 bis
2514 848 2746 927 narra-

434 932 554 1010 vit,
632 952 775 996 cum
834 950 999 1015 quae
1058 932 1139 998 ab
1196 934 1567 1000 auctoribus
1624 935 1756 998 suis
1802 935 1975 999 varie
2034 939 2222 999 erant
2282 931 2564 996 traditae
2623 950 2748 1014 pro

433 1033 624 1100 rebus
668 1033 934 1111 diversis
978 1034 1277 1099 habuerit
1311 1037 1387 1120 2).
1513 1035 1605 1101 De
1652 1038 1937 1102 fontibus
1992 1057 2026 1101 e
2072 1035 2303 1119 quibus
2348 1054 2467 1099 sua
2509 1034 2770 1097 banse?

434 1137 523 1200 rit
567 1135 828 1199 Orosius
871 1135 1245 1200 Theodorus
1290 1137 1369 1201 de
1415 1137 1714 1202 Moerner
1758 1144 2057 1203 accurate
2102 1139 2234 1220 egit
2265 1139 2326 1220 3)
2394 1141 2591 1219 atque
2634 1133 2752 1198 de—

436 1238 819 1302 monstravit
843 1287 858 1316 ,
932 1238 997 1300 in
1062 1258 1274 1303 rerum
1344 1239 1781 1305 Romanarum
1847 1242 2118 1305 historia
2184 1239 2482 1304 Orosium
2548 1256 2748 1321 quam

419 1340 715 1404 ‘maxime
757 1339 925 1404 Livii
981 1336 1162 1404 libris
1223 1360 1358 1404 esse
1416 1362 1622 1406 usum.
1740 1343 2005 1408 Praeter
2048 1342 2300 1407 Livium
2363 1339 2546 1406 cuius
2603 1341 2756 1421 ipsa

434 1441 632 1507 verba
689 1462 885 1525 saepe
947 1432 1288 1526 exscripsit
1332 1442 1633 1522 OrosiuS,
1701 1446 1897 1509 etiam
1942 1430 2204 1509 Florum
2245 1450 2312 1507 et
2361 1439 2752 1524 Eutropium

435 1548 694 1609 secutus
739 1549 871 1623 est,
931 1544 1090 1609 alios
1135 1549 1351 1609 autem
1399 1545 1772 1629 scriptores,
1818 1565 2090 1630 quorum
2133 1546 2529 1609 mentionem
2573 1540 2751 1616 fecit,

436 1645 767 1711 Valerium
812 1647 1143 1709 Antiatem
1166 1695 1181 1724 ,
1228 1644 1569 1714 Claudium
1617 1648 2145 1731 Quadrigarium,
2205 1645 2540 1729 Polybium
2567 1695 2581 1722 ,
2628 1643 2754 1707 Fa-

436 1748 614 1813 bium
661 1748 976 1812 Pictorem
1025 1747 1168 1811 dico
1193 1797 1210 1825 ,
1256 1750 1323 1812 'e
1367 1746 1532 1811 Livii
1591 1747 1776 1813 libris
1832 1749 2126 1831 cognovit
2181 1768 2390 1832 neque
2449 1746 2588 1830 ipse
2649 1748 2756 1810 in-

437 1848 653 1934 spexit
696 1848 980 1914 Orosius,

617 1952 905 2035 Denique
970 1951 1257 2017 libellum
1314 1952 1636 2035 quendam
1692 1953 1771 2017 de
1835 1951 2191 2016 illustribus
2251 1953 2405 2018 viris
2471 1952 2757 2037 appelle,

383 2076 386 2080 “
438 2075 630 2141 quem
687 2053 1025 2120 brevitatis
1083 2073 1278 2118 causa
1332 2075 1414 2119 ex
1466 2076 1643 2119 more
1700 2059 1957 2136 recepto
2003 2055 2249 2119 Aurelii
2295 2055 2578 2119 Victoris
2636 2074 2758 2118 no-

437 2158 612 2223 mine
658 2154 1000 2221 denotabo.
1120 2154 1211 2219 De
1270 2155 1557 2221 fontibus
1617 2177 1653 2220 e
1696 2154 1927 2239 quibus
1975 2155 2268 2221 Aurelius
2317 2156 2571 2236 Victor,
2639 2156 2756 2240 qui

439 2259 696 2337 dicitur,
742 2256 1267 2322 narratiunculas
1311 2277 1461 2321 suas
1503 2256 1808 2335 hauserit,
1856 2255 2069 2321 adhuc
2115 2256 2278 2321 nihil
2323 2262 2599 2336 constat,
2645 2279 2758 2323 res

439 2359 613 2426 enim
667 2358 1046 2442 plerumque
1091 2361 1227 2422 tam
1270 2378 1429 2441 vage
1473 2364 1623 2423 sunt
1665 2363 1969 2423 narratae
2014 2366 2087 2432 ut
2131 2381 2353 2424 earum
2398 2359 2614 2426 fontes
2657 2360 2760 2424 in-

439 2461 669 2545 dagari
715 2481 837 2525 non
885 2459 1155 2544 possint.
1272 2459 1496 2525 Multis
1541 2459 1798 2543 quidem
1843 2459 1999 2526 locis
2045 2463 2375 2528 Aurelium
2429 2460 2759 2527 Victorem

439 2564 608 2630 Livii
663 2562 846 2627 libris
888 2583 1077 2627 usum
1136 2583 1272 2628 esse
1325 2564 1467 2647 ipsa
1509 2563 1703 2628 verba
1731 2612 1746 2641 ,
1820 2584 1983 2646 quae
2029 2584 2108 2628 ex
2152 2565 2279 2629 illis
2322 2565 2761 2648 transcripsit,

441 2667 923 2743 demonstrant,
987 2682 1178 2747 saepe
1222 2670 1440 2729 autem
1485 2666 1610 2743 εἰει,
1655 2684 1821 2748 quae
1866 2685 1900 2728 e
1946 2665 2126 2731 Livio
2171 2666 2562 2749 desumpsit,
2624 2663 2760 2731 alia

440 2764 706 2833 aliunde
749 2764 956 2847 petita
1001 2764 1358 2831 admiscuit.
1442 2767 1443 2770 ’
1482 2767 1604 2845 Qui
1666 2771 1882 2830 autem
1938 2769 2068 2833 sint
2127 2768 2473 2853 scriptores
2498 2818 2515 2849 ,
2590 2788 2757 2852 quos

441 2872 705 2954 praeter
749 2866 1002 2930 Livium
1046 2872 1343 2932 auctores
1389 2867 1652 2948 habuit,
1726 2868 1792 2932 in
1835 2869 2204 2934 universum
2251 2870 2379 2934 dici
2424 2892 2556 2936 non
2615 2877 2761 2953 pot-

442 2977 563 3044 est.
664 2968 939 3046 Quidam
985 2967 1274 3033 homines
1320 2969 1493 3033 docti
1532 2969 1792 3035 Florum
1837 2975 1904 3034 et
1934 2970 2263 3036 Valerium
2293 2971 2656 3036 Maximum
2679 2974 2765 3053 4),

443 3073 560 3139 alii
605 3070 1028 3153 Calpurnium
1074 3067 1366 3133 Pisonem
1399 3074 1452 3150 ⁵)
1509 3070 1590 3136 ab
1637 3070 1896 3137 Aurelio
1942 3072 2198 3138 Victore
2243 3072 2572 3138 adhibitos
2618 3093 2764 3139 esse

358 3225 365 3228 -
442 3177 793 3261 putarunt3
852 3170 964 3235 sed
1010 3170 1117 3233 vix
1161 3170 1320 3235 mihi
1359 3173 1745 3255 persuadere
1790 3193 2083 3256 possum,
2128 3175 2505 3258 scriptorem
2553 3176 2764 3258 negli-

439 3274 919 3363 gentissimum,
969 3271 1298 3336 Aurelium
1331 3273 1685 3354 Victorem,
1740 3283 1991 3339 summa
2034 3276 2357 3342 industria
2401 3277 2766 3343 vetustissi-

373 3386 380 3391 ’
444 3398 557 3446 ma
599 3396 815 3441 rerum
860 3380 1278 3439 monumenta
1320 3376 1743 3458 requisivisse.

621 3476 800 3542 Haec
843 3482 996 3539 sunt
1038 3496 1204 3558 quae
1249 3476 1317 3540 in
1362 3477 1729 3541 universum
1772 3476 1850 3541 de
1895 3479 2172 3559 ratione,
2217 3500 2346 3563 qua
2390 3481 2768 3564 scriptores,

446 3598 726 3669 quorum
769 3581 883 3641 aut
935 3578 1224 3659 integrae
1271 3577 1423 3641 belli
1469 3577 1692 3642 Punici
1733 3579 1925 3661 primi
1969 3582 2376 3646 narrationes
2420 3588 2538 3646 aut
2582 3603 2772 3647 man·

447 3704 564 3752 cae
608 3685 675 3745 et
704 3682 1045 3761 corruptae
1091 3678 1275 3743 nobis
1319 3682 1609 3743 servatae
1653 3686 1828 3757 sunt,
1875 3680 2212 3746 historiam
2244 3683 2770 3766 conscripserint,

450 3780 847 3868 disputanda
904 3801 1041 3846 esse
1097 3782 1360 3865 putavi3
1435 3800 1633 3864 pergo
1678 3782 1760 3845 ad
1804 3803 1940 3848 rem
1982 3784 2171 3869 longe
2216 3784 2649 3852 difficiliorem
2695 3794 2773 3853 ut

595 3951 656 4028 1)‘
713 3955 813 4014 cfr.
852 3954 1030 4009 Orosii
1064 3952 1237 4024 praef.
1272 3952 1344 4006 ad
1378 3952 1765 4021 Augustinum.

594 4045 644 4115 ²)
713 4042 810 4100 cfr.
849 4042 913 4098 U.
950 4042 1205 4098 Kochler.
1241 4041 1280 4094 1.
1316 4040 1353 4094 l.
1403 4056 1457 4107 Ρ.
1477 4043 1561 4094 46.

592 4133 641 4203 3)
714 4131 784 4186 de
820 4129 1002 4184 Orosii
1034 4129 1151 4185 vita
1185 4129 1408 4198 eiusque
1443 4128 1681 4198 scriptis.
1720 4130 1871 4185 1844.
1934 4148 1987 4200 p.
2026 4132 2097 4186 50
2131 4149 2244 4202 seq.

592 4222 640 4291 ⁴)
712 4219 778 4275 U.
815 4217 1061 4272 Koehler
1094 4219 1129 4273 1.
1171 4217 1209 4270 1.
1268 4233 1323 4285 p.
1361 4217 1448 4269 41.

594 4310 639 4377 ⁵)
711 4304 1071 4361 Aldenhoven
1104 4304 1166 4360 in
1201 4302 1438 4357 Hermae
1493 4302 1609 4359 vol.
1644 4302 1711 4370 V,
1752 4303 1869 4357 151.
