3088 5021
1603 349 1683 412 32

486 529 760 594 prorsus
802 510 1213 576 consentiunt
1254 510 1428 594 apud
1471 512 1825 595 Polybium,
1892 513 2290 596 Eutropium,
2337 512 2643 580 Orosium
2690 511 2824 577 ho-

499 605 745 676 minum
787 617 1120 695 captorum
1168 618 1235 676 et
1270 614 1621 678 occisorum
1667 612 1936 699 numeri.

667 711 848 778 Unus
900 712 1203 796 Polybius
1238 718 1295 797 ¹)
1348 715 1902 780 narratiunculam
1960 717 2162 781 tradit
2200 765 2217 793 ,
2289 718 2512 801 paucis
2569 715 2819 780 diebus

495 822 643 898 post
685 835 877 899 quam
925 813 1262 881 Cornelius
1326 835 1365 880 a
1410 815 2048 899 Carthaginiensibus
2101 822 2328 902 captus
2387 820 2534 898 sit‚.
2580 838 2623 882 a
2670 817 2819 881 Ro-

497 918 705 981 manis
748 916 1093 981 nonnullas
1137 916 1762 998 Carthaginiensium
1809 939 2004 983 naves
2045 925 2266 1004 captas
2309 941 2447 984 esse
2469 969 2485 998 ,
2560 918 2821 1003 quibus

497 1038 642 1082 cum
711 1017 1034 1083 Hannibal
1097 1019 1180 1083 ad
1245 1021 1712 1103 explorandum
1788 1021 2034 1087 hostem
2105 1026 2362 1087 evectus
2419 1023 2536 1100 sit;
2628 1039 2819 1104 quae

497 1120 789 1184 narratio
833 1106 911 1184 ex
953 1120 1178 1186 eodem
1213 1121 1412 1187 Fabio
1460 1122 1804 1207 desumpta
1846 1144 1983 1188 esse
2025 1123 2295 1189 videtur.
2391 1123 2601 1187 Aliam
2650 1142 2816 1187 nar-

496 1221 928 1287 ratiunculam
972 1222 1051 1287 de
1095 1222 1457 1307 Hannibale
1482 1275 1497 1301 ‚
1543 1226 1654 1308 qui
1698 1230 1845 1308 post
1887 1224 2131 1290 cladem
2175 1247 2290 1310 per
2332 1226 2594 1301 amicos,
2641 1243 2815 1307 qua·

496 1326 551 1389 si
594 1344 698 1389 res
741 1325 1029 1405 integrae
1073 1331 1317 1403 essent,
1362 1346 1402 1391 a
1433 1324 2061 1409 Carthaginiensium
2108 1335 2333 1393 senatu
2377 1320 2816 1411 percontatus

496 1432 624 1507 est,
683 1432 899 1491 utrum
946 1426 1161 1491 navali
1204 1426 1445 1511 proelio
1490 1427 1805 1493 decertari
1849 1429 2097 1495 iuberet
2140 1448 2372 1506 necne,
2443 1429 2817 1493 assentien-

493 1528 667 1592 tibus
721 1527 1016 1592 omnibus
1079 1529 1483 1595 senatoribus
1540 1530 1867 1595 confessus
1927 1537 2026 1596 est
2044 1581 2059 1609 ,
2133 1552 2199 1595 se
2243 1529 2608 1596 conflixisse
2651 1548 2812 1595 cum

495 1629 800 1694 Romanis
843 1635 911 1694 et
954 1629 1189 1694 victum
1235 1650 1404 1706 esse;
1452 1631 1793 1698 'Diodorus
1826 1634 1877 1712 2)
1900 1681 1917 1707 ‚
1981 1633 2099 1697 Dio
2143 1632 2401 1696 Cassius
2436 1635 2489 1712 ³)
2514 1682 2529 1710 ,
2592 1632 2815 1696 Zona-

493 1751 600 1796 ras
630 1738 686 1809 4)
720 1781 735 1811 ‚
810 1731 1105 1797 Valerius
1172 1731 1489 1797 Maximus
1522 1735 1581 1811 ⁵)
1611 1783 1627 1812 ‚
1716 1735 2011 1800 Aurelius
2077 1734 2291 1800 Victor
2321 1735 2379 1812 6)
2445 1733 2816 1798 memoriae

493 1831 900 1899 tradiderunt
954 1838 1148 1916 atque
1205 1834 1443 1899 eisdem
1500 1834 1635 1901 fere
1692 1836 1924 1915 verbiS,
1999 1838 2093 1902 ita
2150 1841 2222 1900 ut
2264 1856 2487 1901 omnes
2542 1855 2625 1899 ex
2669 1853 2813 1898 uno

493 1935 702 2012 fonte,
748 1934 946 2000 Fabio
991 1934 1262 2016 Pictore,
1320 1937 1607 2002 hausisse
1651 1937 2022 2018 videantur,
2076 1938 2173 2002 ita
2218 1937 2478 2021 quidem
2522 1941 2601 2001 ut
2648 1934 2811 1999 Dio·

493 2037 720 2102 dorum
764 2040 831 2100 et
874 2032 1124 2101 Livium
1165 2037 1323 2122 ipsis
1365 2039 1553 2104 Fabii
1602 2039 1945 2105 annalibus
1989 2060 2137 2105 usos
2179 2059 2315 2104 esse
2357 2044 2701 2123 putemuS‚
2767 2055 2814 2099 a

495 2137 748 2204 Valerio
794 2137 1074 2204 Maximo
1119 2145 1184 2203 et
1230 2141 1489 2205 Aurelio
1520 2140 1779 2205 Victore
1823 2160 1941 2205 sua
1984 2148 2154 2206 certe
2200 2161 2235 2205 e
2279 2140 2491 2218 Livio,
2560 2159 2603 2203 a
2649 2137 2811 2202 Dio·

494 2260 576 2305 ne
606 2240 854 2317 Cassio,
902 2240 1193 2306 Zonarae
1238 2240 1429 2319 duce,
1490 2247 1606 2306 aut
1647 2264 1683 2306 e
1727 2243 1907 2307 Livio
1950 2249 2066 2308 aut
2108 2263 2144 2307 e
2193 2240 2476 2306 Diodoro
2523 2261 2648 2305 sua
2693 2239 2814 2304 de-

492 2348 751 2426 sumpta
819 2360 977 2406 esse.
1114 2341 1435 2408 Diodorus
1495 2345 1665 2408 enim
1734 2344 2017 2409 omnium
2079 2344 2339 2410 illorum
2405 2343 2815 2427 scriptorum

493 2450 719 2510 auctor
761 2443 956 2508 fuisse
998 2464 1130 2508 non
1173 2449 1416 2528 potest,
1472 2466 1617 2509 cum
1663 2464 1870 2530 neque
1913 2465 2200 2531 unquam
2246 2445 2547 2516 Valerius
2593 2441 2817 2508 Maxi-

493 2567 637 2612 mus
717 2564 923 2628 neque
993 2546 1289 2610 Aurelius
1358 2547 1575 2612 Victor
1642 2546 1909 2613 Diodori
1982 2548 2178 2620 libros
2247 2547 2625 2630 inspexerit.
2725 2580 2810 2594 --

494 2647 776 2711 Zonaras
804 2652 887 2738 gt
933 2646 1229 2710 Aurelius
1276 2646 1494 2713 Victor
1550 2648 1749 2713 nimio
1805 2648 2140 2714 brevitatis
2201 2648 2416 2713 studio
2462 2646 2815 2712 Hanniba-

491 2749 619 2814 lem
677 2748 884 2832 ipsum
930 2746 1389 2831 Carthaginem
1443 2740 1802 2832 profectum
1846 2770 1982 2815 esse
2040 2756 2417 2833 rogaturum
2463 2770 2506 2813 a
2551 2754 2816 2824 senatu,

492 2855 710 2917 utrum
753 2848 1063 2933 proelium
1110 2848 1339 2915 navale
1383 2850 1694 2916 committi
1739 2851 1989 2916 iuberet
2029 2871 2232 2916 necne
2276 2851 2519 2914 dicunt.
2613 2925 2628 2935 δ

663 2951 790 3016 Res
832 2971 997 3036 quae
1040 2956 1193 3015 ante
1238 2972 1519 3033 pugnam
1565 2951 1853 3016 navalem
1898 2953 1980 3017 ab
2023 2951 2391 3017 Hannibale
2457 2952 2528 3016 in
2577 2949 2819 3015 Sicilia

488 3072 794 3138 prospere
838 3057 1054 3134 gestae
1098 3057 1281 3130 sunt,
1347 3072 1426 3116 ex
1471 3074 1599 3117 uno
1645 3053 1895 3118 Zonara
1940 3055 2409 3137 cognoscimus,
2471 3072 2674 3136 quam
2729 3051 2819 3115 ob

488 3175 628 3221 rem
691 3153 835 3218 fons
895 3153 1031 3217 eius
1092 3154 1388 3236 indagari
1455 3154 1728 3237 nequit„
1830 3156 2008 3233 Quae
2080 3154 2158 3219 de
2220 3154 2289 3218 C.
2340 3152 2586 3218 Duellii
2655 3158 2820 3236 post

487 3254 822 3323 victoriam
882 3254 1176 3320 navalem
1236 3255 1303 3320 in
1365 3253 1587 3319 Sicilia
1622 3256 1835 3321 rebus
1893 3256 2087 3337 gestis
2143 3256 2345 3319 tradit
2402 3252 2720 3336 Polybius
2757 3257 2817 3333 ⁷)

476 3380 526 3425 ·e
570 3356 768 3422 Fabio
813 3356 1155 3441 desumpta
1199 3377 1337 3421 esse
1383 3355 1715 3437 videntur,
1783 3377 1926 3420 cum
1986 3357 2122 3439 ipse
2177 3355 2418 3420 referat
2463 3355 2821 3422 Hanniba-

487 3461 612 3526 lem
673 3459 751 3523 de
809 3460 1154 3541 improviso
1210 3458 1648 3523 Romanorum
1715 3464 1927 3521 castra
1990 3456 2399 3521 invadentem
2464 3456 2554 3521 IV
2618 3456 2823 3522 milia

487 3563 919 3627 Romanorum
967 3560 1314 3636 occidisse3
1392 3557 1710 3622 Diodorus
1733 3559 1829 3635 8),
1874 3558 1984 3640 qui
2016 3556 2338 3622 Philinum
2368 3562 2638 3622 secutus
2670 3578 2824 3625 esse

484 3663 771 3742 videtur,
814 3680 1040 3726 novem
1084 3661 1267 3726 milia
1310 3679 1501 3724 caesa
1525 3678 1680 3746 ,esse
1725 3659 1942 3722 tradit.
2031 3657 2380 3721 Frontinus
2410 3660 2467 3737 9)
2514 3659 2823 3743 denique

360 3826 366 3829 Α
485 3768 567 3833 de
615 3765 682 3831 C.
733 3762 984 3829 Duellio
1029 3761 1289 3828 consule
1347 3759 1579 3836 tradit,
1654 3778 1833 3836 eum,
1905 3778 2053 3823 cum
2096 3765 2334 3822 temere
2377 3766 2649 3841 portum
2702 3762 2825 3827 Se·

482 3873 820 3954 gestan-um
863 3865 1202 3930 intraverit
1221 3914 1236 3943 ‚
1284 3867 1485 3946 atque
1528 3861 1777 3926 obiecta
1820 3859 1906 3924 ad
1946 3859 2303 3941 ingressum
2346 3866 2587 3926 catena
2632 3861 2826 3929 clau-

625 4142 669 4212 1)
742 4142 793 4204 1,
831 4142 918 4194 21.
1097 4139 1143 4207 2)
1213 4134 1431 4200 XXIII,
1474 4135 1558 4186 10.
1734 4130 1781 4198 3)
1852 4128 1921 4181 fr.
1959 4129 2053 4194 43,
2093 4129 2173 4180 12.
2228 4128 2309 4180 ed.
2346 4130 2613 4187 Dindorf.

623 4231 668 4300 4)
739 4228 899 4294 vm,
939 4229 1018 4281 11,
1199 4226 1240 4294 ⁵)
1313 4221 1446 4288 VH,
1488 4220 1521 4267 3
1559 4219 1672 4271 ext.
1711 4219 1759 4269 7.
1940 4214 1983 4281 6)
2055 4212 2124 4267 cf·
2161 4214 2471 4271 XXXVIII.

619 4318 668 4383 τ)
740 4316 797 4387 1,
837 4317 922 4371 24.
1099 4315 1142 4380 e)
1216 4307 1630 4376 xx111,9‚4.
1811 4301 1859 4366 ⁹)
1928 4300 2164 4367 1‚⁵‚6·
