3088 5021
1469 345 1547 407 21

352 502 629 569 Romani
675 504 915 570 diutius
958 507 1192 572 morati
1239 507 1403 587 sint,
1477 529 1519 572 a
1567 507 1971 574 Mamertinis
2015 509 2381 575 Messanam
2428 509 2652 575 urbem

350 604 991 689 Carthaginiensibus
1035 629 1171 693 esse
1218 610 1560 690 traditam,
1630 611 1741 694 qui
1786 613 2004 676 statim
2051 632 2264 681 arcem
2309 632 2656 695 occupave-

350 707 523 788 rint3
569 715 708 773 tum
740 684 1063 775 Romanos
1092 710 1263 775 ultro
1308 731 1374 775 se
1409 713 1938 778 Mamertinorum
1984 713 2173 779 rebus
2217 715 2653 806 immiscuisse,

352 810 503 875 dolo
547 831 623 875 ac
667 813 729 874 vi
772 811 1017 876 Poenos
1049 813 1344 877 Messana
1387 814 1685 894 eiecisse,
1733 815 1957 881 urbem
2001 817 2070 882 in
2116 836 2299 880 suam
2345 816 2653 888 ditionem

350 911 692 1001 redegisse.
810 915 1005 993 *Quae
1050 915 1494 980 narrationum
1542 915 1908 985 differentia
1966 917 2089 982 hac
2153 917 2404 983 ratione
2463 917 2653 1002 plane

349 1014 660 1097 explicari
705 1015 864 1080 mihi
908 1016 1197 1095 videtur,
1271 1016 1442 1100 quod
1501 1016 1650 1096 illa,
1716 1039 1910 1101 quam
1957 1018 2254 1102 Polybius
2296 1020 2536 1098 tradit,
2613 1040 2656 1085 a*
2679 1062 2694 1081 2

350 1116 553 1181 Fabio
598 1116 849 1183 Pictore
914 1126 1012 1182 est
1064 1119 1306 1195 relata,
1385 1119 1496 1202 qui
1553 1120 1984 1185 Romanorum
2043 1123 2393 1204 periurium
2457 1126 2652 1204 atquo

352 1219 656 1283 iniuriam
691 1219 1091 1285 Mamertinis
1136 1221 1455 1304 imputare
1500 1221 1781 1301 studuit,
1830 1222 2121 1286 narratio
2165 1228 2410 1300 autem,
2456 1244 2651 1307 quam

357 1321 477 1387 Dio
509 1321 766 1386 Cassius
811 1328 878 1387 et
912 1323 1195 1388 Zonaras
1237 1324 1585 1388 memoriae
1629 1324 2055 1402 mandarunt,
2101 1344 2135 1387 e
2180 1323 2415 1389 Philini
2459 1342 2650 1409 opere

352 1430 455 1490 ost
498 1424 868 1508 desumpta,
940 1426 1048 1507 qui
1111 1445 1151 1489 a
1197 1424 1830 1506 Carthaginiensium
1891 1430 2075 1509 parte
2132 1425 2330 1490 stetit.
2450 1427 2651 1491 Zona·

351 1547 461 1591 ras
499 1530 547 1601 1)
607 1526 773 1593 enim
824 1527 1254 1592 Romanorum
1301 1529 1646 1592 transitum
1691 1528 1759 1592 in
1804 1528 2091 1615 Siciliam
2149 1526 2457 1593 σπονδῶν
2505 1524 2652 1593 διά-

350 1628 537 1694 λυσιν
604 1630 895 1695 nominat
960 1636 1026 1694 et
1088 1629 1379 1693 Philinus
1443 1629 1709 1711 Polybio
1777 1620 1940 1695 teste
1975 1633 2029 1713 2)
2094 1631 2254 1695 haec
2313 1630 2516 1715 dixit:
2568 1668 2647 1679 —-

353 1726 532 1795 διότε
593 1727 1021 1816 ὑπερέβαινον
1078 1725 1386 1814 Ῥωμαῖοι
1448 1727 1568 1809 τὰς
1637 1727 1970 1820 συνθήκας
2037 1729 2149 1797 καὶ
2215 1729 2368 1809 τοὺς
2426 1728 2653 1816 ὅρκους

352 1828 506 1898 ἐπεὶ
549 1829 950 1920 ἐποὶήσαντο
1007 1829 1124 1921 τὴν
1168 1830 1435 1920 πρώτην
1477 1828 1573 1910 εἰς
1617 1831 1916 1900 Σικελίαν
1962 1830 2287 1919 διάβασιν.
2420 1835 2651 1899 Utrum

354 1934 475 2000 Dio
521 1935 777 2002 Cassius
820 1936 978 2000 haec
1021 1937 1158 2020 ipse
1203 1958 1237 1999 e
1282 1935 1532 2000 Philino
1581 1937 1899 2015 hauserit,
1946 1958 2029 2001 an
2077 1958 2153 2001 ex
2199 1937 2327 2001 alio
2373 1936 2651 2020 quodam

355 2039 669 2122 scriptore
694 2088 709 2117 ,
775 2037 886 2122 qui
931 2036 1255 2102 Philinum
1302 2045 1559 2102 secutus
1602 2047 1701 2102 est
1724 2088 1737 2112 ,
1805 2038 2145 2123 diiudicari
2191 2041 2452 2122 nequit3
2526 2039 2653 2103 for-

356 2144 532 2204 tasse
578 2147 791 2205 autem
839 2162 874 2203 e
921 2140 1202 2205 Diodoro
1249 2140 1587 2224 desumpta
1646 2148 1827 2219 sunt,
1904 2142 2049 2225 qui,
2127 2148 2200 2204 ut
2254 2161 2448 2223 supra
2492 2139 2652 2205 dixi-

351 2264 511 2320 mus
589 2243 910 2307 Philinum
969 2243 1373 2327 potissimum
1439 2241 1753 2308 adhibuit.
1878 2245 1949 2307 In
2017 2244 2374 2328 posteriore
2439 2244 2651 2327 operis

349 2350 534 2429 parte
582 2340 848 2410 Dionem
894 2345 1185 2410 Cassium
1232 2344 1497 2409 Diodori
1542 2345 1724 2409 libris
1769 2367 1951 2410 usum
2000 2365 2137 2410 esse
2180 2349 2451 2422 constat,
2509 2365 2652 2409 cum

347 2448 413 2513 in
460 2447 748 2532 reliquiis
792 2448 943 2512 libri
1000 2447 1274 2513 XXXVI
1322 2447 1639 2513 Diodorus
1685 2447 2050 2531 appellatus
2096 2448 2181 2512 sit
2210 2448 2287 2526 3).
2379 2445 2656 2512 Dindor-

350 2550 473 2615 fius
515 2551 772 2635 quidem
840 2570 1078 2633 negare
1143 2551 1393 2614 videtur
1417 2599 1433 2624 ,
1507 2549 1939 2633 fragmentum
2005 2550 2192 2640 illud
2229 2569 2366 2613 esse
2432 2548 2655 2614 Dionis

351 2652 588 2733 Cassii,
665 2675 811 2719 cum
871 2654 938 2716 in
983 2652 1200 2718 Sullae
1245 2652 1379 2716 vita
1406 2655 1497 2728 ⁴),
1574 2671 1770 2734 quam
1815 2652 2198 2716 Plutarchus
2258 2652 2653 2735 conscripsit,

332 2754 573 2819 -eadem
617 2755 949 2838 legant-ur;
1026 2754 1138 2819 sed
1184 2753 1569 2819 Plutarchus
1613 2774 1821 2836 neque
1867 2753 2116 2817 Livium
2166 2774 2374 2836 neque
2421 2751 2653 2817 Diodo-

346 2876 488 2920 rum
551 2877 624 2920 eo
684 2857 823 2920 loco
887 2856 1281 2941 appellavit,
1356 2856 1657 2922 librarius
1711 2863 1928 2919 autem
1986 2854 2102 2920 illa
2144 2854 2424 2936 ¹nomina
2481 2861 2653 2919 certe

349 2979 478 3026 non
524 2959 814 3039 addidit,
889 2961 1108 3041 itaque
1155 2958 1414 3022 credere
1460 2979 1588 3022 non
1636 2978 1925 3042 possum,
1998 2957 2429 3038 fragmentum
2474 2956 2652 3033 illud,

347 3061 517 3145 quod
564 3064 630 3126 in
675 3062 890 3127 codice
939 3062 1249 3125 Vaticano
1283 3065 1339 3142 5)
1402 3062 1571 3125 inter
1617 3060 1839 3125 Dionis
1886 3059 2088 3124 Cassii
2141 3059 2447 3142 reliquias
2501 3058 2653 3142 legi·

348 3171 488 3242 tur,
563 3185 689 3227 non
752 3185 888 3228 esse
941 3163 1158 3227 Dionis
1203 3162 1411 3228 Cassii
1472 3162 1581 3225 sed
1645 3162 1994 3226 Plutarchi.
2119 3162 2297 3239 Quae
2354 3181 2499 3223 cum
2558 3162 2653 3225 ita

348 3265 510 3343 sint,
586 3266 925 3330 verisimile
985 3266 1240 3329 videtur
1299 3284 1433 3328 esse
1461 3313 1475 3341 ,
1557 3266 1748 3327 etiam
1813 3267 1879 3327 in
1939 3265 2155 3346 priore
2200 3264 2410 3345 operis
2466 3268 2652 3345 parte

348 3369 617 3433 Dionem
667 3368 957 3433 Cassium
1005 3367 1274 3431 Diodori
1332 3365 1512 3430 libris
1570 3387 1755 3429 usum
1810 3386 1965 3429 esse.
2072 3368 2280 3448 Atque
2325 3386 2480 3458 mea*
2513 3385 2651 3428 sen-

351 3471 557 3534 tentia
613 3471 816 3554 magis
874 3469 1240 3534 confirmari
1298 3468 1460 3533 mihi
1504 3469 1755 3532 videtur
1802 3469 2175 3533 narratione
2239 3489 2495 3552 pugnae
2541 3487 2652 3532 na·

348 3573 510 3637 valis
569 3573 637 3639 in
696 3572 863 3636 freto
910 3572 1123 3637 Siculo
1187 3572 1354 3635 inter
1401 3572 1723 3636 Romanos
1767 3576 1832 3635 et
1877 3570 2439 3652 Carthaginienses
2482 3591 2649 3634 com

349 3676 618 3753 missae,
695 3695 861 3764 quae
916 3675 1152 3739 eisdem
1214 3673 1346 3737 fere
1391 3673 1600 3794 verbis
1644 3674 1708 3736 in
1758 3672 2022 3737 Diodori
2067 3680 2133 3736 et
2176 3672 2400 3736 Dionis
2446 3673 2651 3739 Cassii

348 3777 580 3859 eclogis
624 3777 878 3861 legitur.

494 3948 746 3956 ‚flu—,m

491 4048 533 4116 ¹)
605 4047 765 4116 VIII,
803 4050 852 4102 9
995 4047 1041 4116 2)
1113 4047 1218 4115 111,
1257 4049 1354 4115 26,
1393 4048 1443 4098 3.
1497 4047 1580 4100 ed
1619 4044 1870 4099 Dindorf.

488 4135 532 4203 3)
607 4134 739 4190 edit.
776 4133 1029 4191 Dindorf.
1064 4134 1108 4187 Ι.
1144 4151 1196 4203 p.
1229 4136 1344 4189 143.
1547 4135 1591 4203 4)
1664 4151 1711 4188 c.
1748 4137 1798 4186 7

489 4223 533 4290 ⁵)
608 4222 952 4277 Constantini
996 4222 1457 4293 Porphyrogeniti
1521 4224 1904 4291 excerptorum
1953 4221 2178 4275 titulum
2229 4219 2297 4273 de
2356 4220 2643 4273 sententiis

343 4312 632 4380 complexo
683 4327 740 4381 p.
776 4312 899 4364 548.

2688 2742 2728 2754 Α
