3088 5021
1423 384 1498 444 17

302 530 495 610 libris⁴
529 544 846 623 hausisse,
913 544 1226 628 reliquiae
1272 550 1518 623 autem,
1584 564 1749 627 quae
1794 566 1829 610 e
1873 546 2088 631 priore
2132 547 2343 630 operis
2386 545 2611 632 deper-

304 648 443 711 dita
486 652 669 730 parte
713 650 1002 725 exstant,
1049 666 1437 729 quamquam
1481 646 1845 731 permultae
1890 669 2031 712 cum
2080 647 2243 713 Livii
2289 658 2405 714 aut
2450 648 2600 714 Dio·

305 747 446 814 dori
492 748 968 813 narrationibus
1012 748 1386 826 concinunt,
1431 752 1652 812 tamen
1697 768 1731 812 e
1777 749 2223 815 vetustissimis
2267 750 2607 817 annalibus

306 851 680 935 desumptae
737 854 875 914 esse
934 848 1345 930 dicuntur1).
1478 848 1643 914 Sunt
1709 857 1924 919 autem
1993 850 2181 916 multi
2246 852 2314 916 in
2381 853 2606 918 Dionis

304 973 494 1037 opere
536 951 689 1031 loci,
736 953 846 1035 qui
893 971 1153 1036 prorsus
1198 950 1281 1016 ad
1329 949 1587 1015 verbum
1634 972 1670 1015 e
1717 952 1919 1032 Livio,
1972 953 2274 1031 Diodoro,
2325 955 2602 1038 Polybio,

305 1054 650 1119 Plutarcho
705 1055 1004 1138 exscripti
1068 1073 1203 1118 esse
1248 1053 1549 1118 videntur
1580 1056 1671 1132 2),
1748 1055 1845 1119 ita
1896 1060 1971 1120 ut
2018 1056 2313 1138 equidem
2360 1056 2608 1123 Livium

303 1158 498 1222 etiam
560 1158 623 1221 in
678 1157 888 1240 priore
936 1155 1143 1239 operis
1186 1161 1372 1239 parte
1421 1154 1641 1220 Dionis
1691 1156 2075 1239 primarium
2121 1156 2367 1223 fontem
2412 1160 2606 1225 fuisse

303 1266 554 1344 putem,
627 1259 807 1323 cuius
847 1258 917 1320 in
959 1257 1292 1322 historiam
1339 1258 1773 1337 narrationes,
1848 1279 2008 1342 quas
2054 1278 2088 1322 e
2136 1258 2445 1342 Diodoro,
2488 1261 2607 1328 Po-

301 1361 502 1445 lybio,
574 1359 916 1430 Plutarcho
960 1359 1344 1442 desumpsit,
1413 1357 1685 1423 addidit.
1791 1358 2018 1443 Itaque
2064 1360 2323 1427 Cassius
2373 1361 2495 1428 Dio
2538 1363 2606 1427 in

304 1452 783 1529 narrationibus
826 1461 1281 1544 componendis
1328 1461 1597 1525 eandem
1645 1464 1964 1527 rationem
2023 1470 2278 1527 secutus
2336 1483 2473 1528 esse
2516 1465 2607 1529 vi-

304 1566 494 1631 detur
537 1573 731 1648 atque
774 1563 994 1628 Livius
1018 1613 1033 1642 ,
1102 1564 1213 1628 sed
1260 1584 1403 1627 cum
1452 1562 1608 1643 Dic,
1675 1571 2021 1647 antequam
2065 1564 2151 1628 ad
2195 1564 2600 1631 scribendam

303 1667 638 1735 historiam
710 1687 775 1730 se
845 1665 1198 1729 accinxerit
1222 1717 1236 1744 ,
1324 1670 1755 1749 pertractatos
1825 1665 2125 1731 habuerit
2196 1670 2488 1733 auctores
2518 1670 2596 1750 3),

305 1790 579 1854 quorum
621 1768 803 1834 libris
845 1768 942 1833 uti
986 1767 1220 1845 voluit,
1297 1768 1661 1833 accuratius
1706 1768 2040 1834 historiam
2087 1789 2301 1833 rerum
2345 1791 2599 1856 compo·

305 1873 435 1938 suit
480 1892 672 1955 quam
717 1870 966 1948 Livius,
1028 1870 1137 1953 qui
1181 1871 1352 1934 inter
1396 1870 1799 1936 scribendum
1846 1891 2034 1955 saepe
2079 1869 2367 1955 collegit,
2438 1894 2606 1957 quae

304 1974 650 2040 memoriae
692 1972 996 2036 traderet.
1110 1972 1538 2036 paucissimae
1583 1972 1839 2056 quidem
1887 1992 1922 2036 e
1966 1972 2191 2038 Dionis
2235 1976 2607 2042 narratione

306 2076 386 2142 de
432 2075 599 2141 bello
644 2074 883 2139 Punico
941 2073 1147 2158 primo
1206 2078 1466 2138 exstant
1522 2074 1875 2158 reliquiae,
1949 2075 2063 2139 sed
2120 2096 2265 2141 cum
2322 2077 2604 2143 Zonaras

303 2198 518 2244 rerum
550 2178 982 2241 Romanarum
1028 2174 1359 2242 historiam
1408 2196 1485 2240 ex
1530 2197 1659 2240 uno
1694 2175 1915 2243 Cassio
1950 2177 2155 2242 Dione
2202 2178 2492 2245 hauserit
2522 2183 2603 2275 4),

304 2301 385 2346 ex
427 2278 764 2345 annalibus
806 2279 943 2343 eius
1004 2279 1162 2344 satis
1220 2283 1518 2343 accurate
1577 2280 1873 2362 cognosci
1931 2285 2174 2364 potest,
2240 2302 2406 2365 quae
2452 2280 2602 2347 Cas·

305 2384 437 2459 sius
481 2381 603 2447 Dio
646 2381 710 2444 in
757 2380 939 2445 libris
983 2380 1332 2464 deperditis
1376 2381 1725 2446 memoriae
1767 2381 2129 2448 tradiderit.

316 2519 323 2523 -
419 2483 513 2550 De
546 2483 872 2568 Eutropio,
916 2484 1025 2567 qui
1058 2482 1330 2549 Valente
1377 2484 1734 2569 imperante
1759 2485 2065 2549 historiae
2094 2484 2427 2551 Romanae
2457 2484 2600 2551 bre-

304 2587 578 2652 viarium
621 2586 894 2669 scripsit,
938 2585 1004 2650 in
1047 2586 1415 2651 universum
1460 2593 1635 2652 recte
1678 2587 1986 2652 iudicavit
2029 2586 2279 2666 SuidaS,
2326 2588 2437 2670 qui
2483 2586 2601 2653 sub

305 2683 784 2755 νοοθΚαπίτων
813 2687 971 2752 haec
1001 2687 1291 2772 scripsit:
1322 2684 1731 2775 μετάφρασιν
1745 2693 1862 2776 τῆς
1892 2686 2215 2776 ἐπιτομῆς
2225 2682 2603 2774 Εὕτροπίου

303 2787 627 2879 ῥωμαϊστὶ
669 2784 1095 2872 §arveum-09
1136 2786 1253 2855 τὸν
1276 2786 1530 2875 Λίβιον
1576 2787 1691 2857 τὸν
1727 2784 2065 2873 Ῥωμαῖον.
2134 2790 2389 2857 Livium
2432 2792 2601 2856 enim

302 2895 371 2958 in
415 2899 552 2960 toto
594 2913 808 2966 rerum
855 2894 1076 2958 ordine
1120 2901 1375 2958 secutus
1418 2902 1517 2958 est
1562 2895 1946 2978 EutropiuS,
2012 2900 2206 2977 atque
2250 2895 2408 2958 satis
2452 2914 2601 2959 raro

302 2997 426 3074 eie,
471 3015 636 3080 quae
679 3016 715 3060 e
762 2993 939 3059 Livio
983 2994 1232 3076 hausit,
1277 2996 1409 3061 alia
1453 2987 1803 3062 admiscuitv
1827 3000 1906 3074 ⁵),
1954 3016 2120 3080 quae
2166 3003 2287 3060 aut
2330 3016 2409 3060 ex
2455 2996 2601 3061 aliis

305 3097 721 3182 scriptoribus
765 3098 1058 3178 cognovit
1079 3147 1095 3177 ,
1171 3105 1287 3163 aut
1327 3100 1465 3182 ipse
1515 3099 1920 3184 excogitavit.
2040 3098 2165 3163 Res
2206 3097 2602 3163 enarrandas

305 3201 462 3265 satis
516 3200 728 3265 sobrio
783 3198 1018 3264 iudicio
1063 3199 1287 3284 elegit«,
1362 3206 1428 3263 et
1472 3221 1666 3283 quam
1721 3200 2124 3285 paucissimis
2167 3199 2375 3265 verbis
2416 3219 2600 3266 accu-

303 3310 445 3369 rate
502 3301 827 3386 exposuit,
902 3322 1217 3385 nusquam
1273 3303 1539 3368 consilio
1602 3303 2008 3369 narrationes
2066 3300 2371 3380 mutavit,
2445 3301 2600 3367 satis

304 3428 451 3473 raro
496 3405 734 3471 erravit
777 3408 895 3468 aut
937 3404 1136 3469 nimio
1182 3404 1514 3470 brevitatis
1559 3405 1769 3471 studio
1812 3424 1914 3469 res
1957 3402 2266 3468 confudit.

446 3640 485 3707 1)
558 3635 659 3690 cfr.
695 3631 984 3686 Niebuhrii
1017 3633 1398 3705 Vorlesungen
1433 3635 1571 3688 iiber
1605 3631 1759 3686 Rem.
1798 3628 1992 3684 Gesch.
2034 3629 2120 3684 ed.
2157 3628 2311 3682 Isler.
2350 3629 2394 3682 I.
2433 3646 2484 3697 p.
2506 3630 2595 3684 62.

443 3727 488 3794 2)
558 3727 658 3783 cfr,
693 3718 886 3781 Dionis
921 3721 1064 3792 frag.
1100 3726 1170 3778 24
1205 3726 1262 3776 et
1296 3722 1413 3777 Liv.
1450 3721 1516 3788 V,
1554 3721 1638 3775 27.
1709 3718 1898 3775 Dionis
1942 3716 2009 3770 fr.
2047 3718 2117 3771 28
2136 3720 2210 3774 et
2242 3716 2359 3771 Liv.
2390 3715 2479 3783 VI,
2524 3718 2597 3770 20

301 3815 463 3868 Dion.
497 3816 566 3870 fr,
604 3821 672 3872 29
710 3823 766 3873 ef,
798 3808 915 3865 Liv.
952 3811 1046 3879 VI,
1083 3814 1168 3867 24.
1274 3809 1432 3863 Dion.
1470 3807 1537 3860 fr.
1575 3809 1660 3861 35.
1700 3808 1766 3860 11,
1801 3809 1858 3859 et
1890 3804 2008 3860 Liv.
2048 3804 2197 3872 VIII,
2235 3806 2324 3856 21.
2430 3803 2593 3857 Dion.

288 3901 367 3964 ,fr.
405 3904 489 3972 34,
526 3908 560 3959 8
613 3909 669 3959 et
703 3905 823 3960 Liv.
857 3902 1006 3971 VIII,
1047 3902 1132 3966 35,
1238 3897 1396 3951 Dion.
1434 3893 1501 3947 fr.
1541 3896 1627 3962 38,
1663 3894 1732 3947 25
1771 3895 1827 3945 et
1858 3891 1977 3960 Liv,
2016 3891 2087 3959 X,
2124 3893 2207 3957 38,
2252 3892 2331 3944 10.
2438 3889 2597 3945 Dion.

300 3991 368 4045 fr.
407 3994 474 4047 57
512 3996 570 4047 et
601 3992 716 4048 Liv.
752 3993 900 4061 XXI,
938 3992 1024 4044 42.
1122 3987 1283 4040 Dion.
1320 3983 1386 4036 fr.
1425 3985 1509 4051 57,
1549 3984 1617 4038 39
1655 3984 1711 4036 et
1744 3980 1862 4036 Liv.
1900 3978 2107 4047 XXVI,
2152 3980 2238 4034 19.
2323 3977 2486 4033 Dion.
2507 3978 2595 4035 ,fn

302 4083 370 4137 59
406 4086 463 4137 et
494 4080 613 4135 Liv.
648 4080 812 4149 XLV,
849 4081 935 4133 44.
2495 4103 2504 4112 ι

439 4168 485 4237 3)
557 4168 660 4224 cfr.
695 4166 890 4222 Dionis
923 4164 992 4220 fr.
1029 4161 1252 4228 LXXII,
1289 4163 1374 4228 23,
1413 4159 1464 4212 5.

439 4258 483 4326 4)
554 4256 654 4311 cfr.
668 4255 757 4310 W.
785 4255 851 4307 A.
874 4250 1127 4307 Schmidt
1157 4249 1339 4304 Ueber
1372 4247 1463 4301 die
1487 4244 1719 4311 Quellen
1754 4241 1856 4295 des
1879 4240 2119 4294 Zonaras
2152 4239 2214 4293 in
2250 4237 2582 4308 ephemerid.

298 4344 530 4400 litterar.
568 4343 739 4410 antiq.
780 4343 934 4414 1839.
969 4356 1021 4408 p.
1047 4339 1168 4398 258,
1334 4336 1378 4403 5)
1452 4332 1551 4389 cfr.
1587 4332 1652 4386 U.
1689 4328 1947 4385 Koehler.
1983 4328 2022 4381 l.
2057 4328 2097 4381 l.
2132 4344 2187 4396 p.
2212 4329 2298 4383 39.

778 4473 782 4477 ·
2030 4435 2063 4486 2
