3088 5021
1503 384 1587 455 54

387 548 584 616 dorus
618 551 703 634 1),
778 552 891 635 qui
945 553 1164 637 oppidi
1210 552 1435 636 Erycis
1476 550 2014 638 expugnationem
2072 552 2438 619 accuratius
2498 566 2707 634 expo-

396 652 528 717 suit
569 670 764 736 quam
810 653 1142 737 Polybius,
1185 654 1507 721 Philinum
1550 655 1825 720 fortasse
1867 661 2121 721 secutus
2164 661 2278 721 est.

559 755 866 839 Sequenti
909 774 1081 821 anno
1122 757 1360 822 iterum
1403 758 1576 843 apud
1623 759 1888 842 Erycem
1935 762 2290 842 pugnatum
2332 762 2476 838 est3
2554 760 2704 821 tum

385 855 664 922 Romani
737 858 1200 923 intellexerunt
1224 909 1239 939 ,
1314 878 1439 925 non
1514 861 1638 925 nisi
1713 879 1928 943 pugna
1999 857 2214 925 navali
2283 860 2532 926 bellum
2608 846 2702 922 ad

382 957 578 1024 finem
622 960 888 1044 perduci
940 981 1159 1045 posse,
1228 963 1450 1047 itaque
1492 962 1731 1046 privati
1773 961 2064 1026 homines
2108 982 2301 1027 naves
2346 964 2703 1038 ornarunt,

383 1076 532 1126 cum
574 1063 900 1128 aerarium
944 1063 1332 1130 exhaustum
1376 1069 1546 1129 esset
1578 1067 1658 1149 2).
1747 1065 2033 1130 Zonaras
2062 1064 2121 1146 ³)
2141 1115 2156 1144 ,
2199 1064 2311 1149 qui
2358 1064 2520 1129 dicit
2565 1063 2702 1126 Ro-

381 1184 611 1229 manos
681 1163 885 1231 Gallis
956 1167 1403 1245 mercenariis,
1490 1166 1602 1250 qui
1675 1188 1715 1232 a
1789 1166 2022 1237 Poenis
2096 1166 2486 1232 defecissent
2513 1215 2530 1244 ,
2623 1164 2700 1228 in

378 1265 737 1331 exercitum
795 1268 1074 1352 receptis
1130 1269 1215 1335 ad
1279 1269 1552 1334 classem
1615 1267 2085 1334 aedificandam
2152 1270 2366 1335 denuo·
2433 1269 2702 1332 animos

379 1369 804 1447 convertisse,
877 1369 1046 1436 hanc
1089 1371 1529 1437 narrationem
1575 1376 1748 1435 certe
1798 1371 2045 1437 Philino
2089 1371 2311 1449 debet,
2386 1390 2533 1435 cum
2584 1358 2703 1433 Li-

379 1469 522 1535 vius
539 1473 599 1553 ⁴)
640 1468 1107 1539 affirmetante
1151 1494 1392 1539 annum
1437 1473 1611 1538 DXL
1656 1493 1714 1537 a.
1762 1495 1825 1538 u.
1871 1495 1926 1539 c.
1975 1474 2406 1539 mercenarios
2447 1471 2705 1537 milites

376 1572 448 1637 in
493 1573 932 1639 Romanorum
986 1576 1214 1641 castris
1266 1596 1398 1641 non
1463 1574 1678 1639 fuisse.
1725 1610 1807 1624 --
1899 1575 2218 1640 Diodorus
2250 1579 2309 1654 ⁵)
2358 1574 2701 1639 Philinum

377 1682 636 1740 secutus·
679 1696 818 1741 esse
862 1676 1116 1743 videtur
1138 1728 1154 1757 ,
1214 1695 1359 1742 cum
1404 1678 1652 1743 Poenos
1695 1664 2090 1744 liberaliores
2133 1676 2331 1743 fuisse
2376 1676 2704 1741 Romanis

374 1777 678 1842 ostendat
732 1778 952 1845 dicens
994 1779 1402 1845 Fundanium
1458 1780 1784 1845 consulem
1845 1785 1992 1863 post
2033 1798 2316 1863 pugnam
2361 1779 2704 1863 quendam

375 1894 525 1944 cum
570 1877 938 1946 Hamilcare
993 1883 1395 1948 commissam
1453 1889 1741 1946 mortuos
1798 1881 2195 1966 sepeliendos
2261 1881 2498 1945 Poenis
2562 1895 2702 1945 non

375 1980 662 2061 dedisse,
729 1982 1159 2049 Hamilcarem
1205 1989 1457 2063 autem,
1523 1984 1637 2067 qui
1677 1983 1897 2067 paullo
1943 1990 2086 2068 post
2130 1983 2552 2048 Fundanium
2601 1982 2703 2045 vi·

374 2084 571 2164 ecrit,
612 2084 854 2150 consuli
898 2086 1158 2170 roganti
1199 2091 1275 2151 ut
1317 2089 1606 2149 mortuos
1650 2084 1980 2166 redderet,
2039 2086 2259 2150 statim
2306 2085 2706 2175 obsecutum

372 2196 531 2251 esse.

551 2290 735 2353 Anno
793 2287 1069 2372 denique
1126 2287 1343 2353 XXIV
1410 2285 1561 2351 belli
1632 2287 1855 2353 consul
1916 2288 1985 2354 0.
2050 2289 2352 2354 Lutatius
2413 2286 2710 2352 Catulus

376 2390 678 2456 ducentis
723 2391 996 2455 navibus
1040 2388 1250 2471 longis
1293 2390 1357 2452 in
1404 2388 1690 2454 Siciliam
1735 2390 2058 2473 profectus
2100 2397 2200 2455 est
2228 2394 2302 2472 6).
2409 2390 2525 2455 ’ΒΘ
2585 2409 2714 2454 na-
2793 2423 2798 2426 ’

370 2494 549 2560 vium
605 2501 873 2557 numero
929 2496 1225 2557 auctores
1279 2490 1704 2572 dissentiunt,
1781 2492 2099 2558 Diodorus
2133 2495 2191 2573 ⁷)
2238 2494 2703 2559 Romanorum

365 2597 639 2662 classem
687 2594 845 2661 000
887 2595 1152 2658 navium
1195 2592 1568 2676 longarum,
1642 2594 1812 2658 idem
1872 2616 1912 2659 a
1956 2596 2135 2660 Livio
2178 2587 2502 2660 traditum
2549 2604 2708 2659 esse

365 2707 451 2764 ex
495 2691 794 2780 Eutropii
822 2698 922 2775 8),
986 2694 1198 2759 Orosii
1230 2696 1320 2775 9),
1382 2695 1630 2760 Aurelii
1675 2696 1952 2761 Victoris
1987 2701 2072 2777 ¹⁰)
2130 2697 2313 2763 libris
2357 2697 2708 2779 cognosci-

364 2815 544 2891 mus;
629 2803 850 2863 tamen
907 2797 1017 2861 vix
1073 2796 1488 2876 crediderim,
1564 2797 1917 2863 Diodorum
1974 2805 2041 2863 et
2096 2799 2352 2864 Livium
2413 2820 2499 2863 ex
2556 2819 2706 2864 uno

363 2902 579 2980 sonte,
646 2900 918 2966 Fabium
963 2900 1135 2976 dioc,
1210 2898 1536 2977 hausisse,
1612 2919 1776 2988 cum·
1802 2900 2072 2988 Eabius,
2139 2922 2332 2984 quem
2380 2901 2708 2985 Polybius

363 3008 625 3071 secutus
666 3006 795 3081 est,
863 3001 969 3067 00
1017 2999 1279 3064 navium
1325 3000 1595 3064 classem
1640 3000 1996 3066 Romanam
2041 3003 2281 3068 dixerit
2324 3017 2489 3069 esse.

541 3101 612 3170 0.
662 3103 966 3169 Lutatius
1027 3122 1111 3166 ex
1172 3101 1511 3185 inopinato
1575 3102 1880 3167 advectus
1939 3104 2222 3189 Drepani
2287 3112 2556 3189 portum
2631 3110 2710 3171 et

363 3217 589 3276 omnes
630 3205 991 3271 Poenorum
1039 3204 1353 3269 stationes
1397 3203 1570 3268 circa
1613 3203 1987 3285 Lilybaeum
2034 3207 2278 3289 positas
2311 3208 2707 3291 occupavit,

363 3313 745 3393 Drepanum
790 3306 1224 3391 oppugnavit,
1296 3304 1409 3369 sed
1454 3303 1615 3368 urbe
1657 3305 1918 3371 iamiam
1961 3314 2330 3391 expugnata
2388 3310 2534 3392 ipse
2597 3311 2710 3374 in-

362 3420 469 3480 te‘r
513 3409 757 3494 primos
799 3417 1098 3494 pugnans
1142 3407 1520 3471 vulneratus
1566 3409 1665 3470 est
1700 3409 1808 3490 Η).
1898 3408 2146 3473 Harum
2192 3430 2411 3474 rerum
2458 3431 2708 3476 narra-

361 3516 612 3582 tionem
657 3511 967 3575 Zonaras
986 3510 1156 3573 sicut
1200 3506 1465 3572 Orosius
1509 3510 1575 3570 et
1608 3507 1956 3594 Eutropius
2000 3510 2180 3575 Livio
2226 3512 2466 3577 debere
2514 3515 2708 3581 vide-

359 3624 509 3692 tur,
583 3629 730 3676 cum
773 3623 994 3677 omnes
1048 3628 1314 3694 prorsus
1373 3608 1544 3672 inter
1587 3628 1655 3673 se
1699 3611 2143 3692 consentiant3
2214 3613 2531 3696 Polybius
2576 3616 2710 3683 has

359 3729 471 3785 res
517 3714 775 3779 silentio
820 3712 1162 3797 praeteriit
1208 3711 1275 3774 in
1320 3730 1571 3774 summa
1618 3710 1770 3775 belli
1813 3713 2001 3778 unice
2044 3714 2354 3780 intentus.

540 3814 1179 3898 Carthaginiensium
1224 3810 1447 3889 classi,
1503 3832 1672 3894 quae
1714 3812 2051 3879 frumentis
2092 3821 2161 3880 et
2202 3817 2412 3900 copiis
2452 3828 2716 3887 onusta

360 3919 747 4005 Lilybaeum
787 3915 1083 4002 petebat,
1154 3914 1457 3977 Lutatius
1500 3914 1780 3978 occurrit
1822 3930 2091 3999 eamque
2135 3919 2313 4002 apud
2360 3923 2713 4005 Aegusam

512 4100 558 4169 1)
630 4098 842 4166 XXIV,
884 4097 979 4163 11,
1019 4096 1102 4162 14,
1281 4089 1327 4159 2)
1400 4090 1500 4143 cfr.
1539 4089 1731 4157 Polyb.
1771 4093 1835 4161 1,
1874 4096 1957 4147 60.
2132 4095 2178 4164 3)
2249 4096 2417 4167 Vm,
2465 4104 2556 4158 16,

507 4187 553 4255 ⁴)
614 4183 815 4253 XXIV,
854 4185 944 4238 49.
1088 4180 1130 4250 ⁵)
1183 4178 1385 4246 XXIV,
1423 4180 1484 4246 9,
1524 4179 1682 4231 2—3.
1821 4173 1866 4247 ὸ)
1922 4181 1975 4249 1,
2011 4184 2099 4237 61.
2242 4185 2291 4252 τ)
2354 4181 2574 4261 XXIV,
2619 4196 2719 4254 11,

505 4274 548 4337 s)
622 4271 702 4340 11,
740 4274 827 4327 27.
1007 4268 1057 4336 ⁹)
1127 4267 1222 4334 IV,
1266 4267 1348 4317 10.
1530 4257 1604 4333 ¹⁰)
1674 4279 1723 4317 c.
1760 4265 1899 4319 XLI.

510 4357 582 4426 ¹¹)
656 4357 757 4413 cfr.
790 4357 1025 4427 Eutrop.
1061 4355 1144 4425 H,
1180 4357 1272 4409 27.
1342 4339 1497 4407 Oro's.
1534 4349 1631 4418 IV,
1671 4351 1753 4403 10.
1823 4352 2018 4407 Zonar.
2053 4351 2218 4425 VIII,
2265 4353 2347 4411 17.
