3088 5021
54 3875 55 3882 ⁴
48 3735 55 3778 ,μ-
50 3717 53 3720 ,
50 3687 51 3704 „⁴
50 3669 51 3672 „
42 3469 51 3640 fian-”⁴4⁴2

1559 309 1644 372 24

454 475 855 558 repentinam
912 473 1131 556 fugam
1194 470 1718 537 commemoravit
1742 519 1758 548 ‚
1831 469 2071 553 optime
2130 466 2289 531 mihi
2332 467 2500 531 viam
2544 470 2774 530 osten-

454 575 605 642 dere
661 576 915 642 videtur
945 627 960 656 ,
1028 595 1156 659 qua
1211 573 1447 638 Philini
1514 574 1952 638 narrationem
2019 568 2356 634 restituere
2423 568 2769 652 possimus.

454 681 666 763 Atque
719 680 879 743 haec
922 677 1183 761 quidem
1237 697 1278 740 a
1324 675 1577 739 Philino
1646 673 1892 738 tradita
1959 689 2098 735 esse
2163 675 2363 753 puto:
2438 669 2773 735 Romano-

406 865 414 872 ·
453 802 599 846 rum
655 780 904 864 equites
962 800 1002 843 a
1045 779 1465 862 Syracusanis
1516 796 1662 841 esse
1716 777 1952 853 victos,
2025 795 2067 837 a
2109 772 2416 837 Romanis
2459 770 2773 843 Hieronis

455 884 703 966 pedites
735 931 751 960 ‚
824 886 963 946 tum
1008 882 1387 955 Hieronem,
1463 877 1637 962 quod
1690 876 1884 941 Poeni
1931 875 2054 941 sibi
2099 895 2244 940 cum
2291 875 2594 939 Romanis
2640 897 2683 959 p
2804 954 2816 963 .

455 985 679 1067 gnanti
725 983 1036 1048 auxilium
1082 1003 1208 1047 non
1255 982 1589 1056 tulissent,
1665 979 1993 1062 proditum
2034 984 2120 1040 'se
2164 996 2301 1041 esse
2360 977 2688 1060 suspicatu

456 1087 804 1170 Syracusas
849 1085 1126 1167 fugisse;
1174 1104 1300 1167 qua
1344 1104 1413 1148 re
1458 1080 1771 1146 concessit
1814 1080 2012 1144 Hiero
2041 1078 2347 1143 Romanis
2390 1089 2463 1143 ut
2505 1099 2767 1144 omnem

456 1188 759 1253 victoriae
818 1186 1090 1268 gloriam
1156 1186 1278 1251 sibi
1341 1184 1719 1251 tribuerent.
1812 1181 2104 1246 Philinus
2162 1180 2433 1246 fortasse
2461 1231 2477 1261 ‚
2548 1183 2661 1266 qui
2719 1202 2768 1246 a

454 1290 761 1354 Romanis
819 1294 961 1354 erat
1017 1288 1409 1353 alienissimo
1464 1285 1709 1362 animo,
1784 1284 2107 1350 Romanos
2150 1285 2351 1350 victos
2393 1304 2530 1349 esse
2550 1283 2762 1362 dixit,

455 1412 600 1457 cum
645 1411 864 1455 eorum
909 1391 1159 1474 equites
1203 1388 1409 1472 fugati
1455 1389 1604 1451 sint.
1701 1386 1915 1451 Ceteri
1958 1387 2319 1471 scriptoreS,
2366 1386 2475 1469 qui
2507 1385 2763 1451 Livium

457 1492 663 1558 secuti
708 1498 889 1570 sunt,
950 1493 1211 1556 Florum
1253 1496 1329 1573 ¹),
1391 1490 1771 1573 Eutropium
1807 1491 1894 1569 2),
1942 1488 2236 1553 Orosium
2271 1490 2330 1566 3)
2377 1488 2548 1566 dioc,
2608 1488 2763 1552 Hie·

454 1616 678 1659 ronem
724 1593 947 1658 statim
992 1595 1233 1658 victum
1256 1613 1415 1657 -esse
1461 1591 1763 1668 tradunt,
1822 1592 2041 1655 Livius
2084 1596 2301 1654 autem
2346 1590 2516 1675 ipse,
2576 1590 2763 1655 cuius

454 1698 749 1761 narratio
796 1715 927 1760 non
972 1699 1220 1772 exstat,
1300 1693 1633 1760 Valerium
1685 1693 2009 1758 Antiatem
2067 1692 2438 1758 adhibuisse
2482 1692 2760 1773 videtur,

459 1820 613 1871 cum,
668 1796 893 1860 Florus
958 1802 1025 1860 et
1090 1795 1353 1860 Orosius
1417 1796 1854 1880 Syracusanos
1919 1799 1985 1859 et
2052 1794 2611 1878 Carthaginienses
2676 1799 2760 1863 ab

461 1901 665 1985 Appio
716 1898 987 1967 Claudio
1032 1904 1166 1962 tam
1211 1897 1505 1963 celeriter
1549 1903 1884 1981 superatos
1929 1917 2065 1961 esse
2110 1896 2331 1963 dicant
2355 1948 2369 1974 ·.
2445 1906 2520 1963 ut
2559 1900 2762 1965 Hiero

457 2003 637 2088 prius
681 2021 748 2065 se
791 2001 1028 2069 victum
1079 2020 1214 2064 esse
1285 2020 1476 2083 quam
1525 2000 1740 2064 hostes
1784 1999 2019 2065 viderit
2062 2000 2390 2065 confessus
2433 2002 2532 2065 sit.
2666 2001 2762 2065 De

457 2105 815 2168 Poenorum
859 2101 1040 2167 clade
1086 2100 1435 2166 secundum
1482 2100 1818 2184 Polybium
1851 2102 2139 2183 Philinus
2163 2104 2225 2187 ⁴)
2272 2104 2587 2168 narravit:
2638 2105 2759 2170 Ro·

456 2225 681 2270 manos
711 2226 856 2269 cum
874 2203 1509 2285 Carthaginiensibus
1553 2209 1911 2286 pugnantes
1954 2225 2084 2268 non
2131 2205 2338 2269 solum
2380 2206 2582 2271 victos
2625 2228 2761 2272 esse

455 2329 497 2373 a
540 2305 1181 2388 Carthaginiensibus
1207 2355 1222 2382 ‚
1297 2306 1407 2370 sed
1469 2306 1666 2371 etiam
1732 2305 1969 2371 multos
2032 2327 2254 2371 eorum
2326 2306 2562 2373 milites
2621 2331 2761 2376 esse

458 2416 681 2494 captos
705 2459 720 2485 ‚
794 2413 940 2493 post
1002 2428 1282 2490 pugnam
1347 2415 1564 2473 autem
1589 2408 2185 2491 Carthaginienses
2237 2409 2464 2475 castris
2520 2411 2765 2479 relictis

456 2534 574 2598 per
617 2512 821 2577 urbes.
850 2531 987 2587 esse
1033 2510 1368 2594 dispersos
1483 2512 1722 2577 Philini
1783 2512 2028 2595 scripta
2093 2513 2463 2596 perierunt,
2543 2516 2763 2599 itaque

456 2615 777 2700 explorari
825 2634 955 2677 non
1001 2619 1232 2697 potest,
1279 2634 1444 2696 quae
1491 2614 1818 2680 addiderit
1861 2620 1926 2678 et
1971 2635 2100 2698 qua
2143 2615 2395 2679 ratione
2436 2617 2553 2682 illa
2596 2639 2762 2704 quae

458 2717 631 2802 apud
685 2715 1012 2800 Polybium
1072 2715 1377 2799 legimus,
1453 2716 1817 2800 protulerit.
1867 2752 1951 2766 -
2039 2717 2115 2782 In
2166 2718 2424 2783 Diodori
2472 2720 2762 2803 reliquiis

459 2821 619 2885 haec
674 2818 882 2883 relata
946 2818 1216 2901 legimus
1249 2821 1311 2900 5)
1347 2868 1360 2895 ‚
1451 2811 1915 2906 Καρχηδονίων
1958 2818 2032 2884 δὲ
2084 2816 2597 2908 πολεμησάντων
2652 2822 2762 2889 καὶ

459 2918 878 3009 ἡττηθέντων
920 2916 1037 3007 τὴν
1055 2911 1378 3005 ’Ἐγεσταν
1420 2916 1456 2985 ὁ
1499 2916 1760 2997 ὕπατος
1804 2918 2263 3010 ἐπολιόρκησε,
2345 2921 2458 2989 καὶ
2502 2946 2763 3013 στρατι-

463 3021 635 3102 ώτας
692 3019 981 3100 πόλλους
1035 3016 1401 3107 ἀποβαλεῖν
1460 3017 1556 3101 εἰς
1599 3018 1957 3111 Μεσσήνην
2001 3018 2345 3107 ἀνέζευξεν.
2477 3029 2615 3106 Quo
2683 3050 2760 3094 ex

459 3128 636 3214 fonte
694 3126 854 3190 haec
896 3125 1184 3190 narratio
1229 3125 1464 3190 hausta
1507 3125 1593 3190 sit
1636 3125 1976 3191 diiudicari
2033 3117 2255 3211 ne'quit
2281 3179 2296 3206 ‚
2373 3150 2517 3194 cum
2574 3132 2762 3195 nimis

461 3235 755 3296 coartata
807 3228 908 3292 sit.
1029 3228 1373 3293 Praeterea
1431 3248 1664 3293 nomen
1703 3220 2024 3311 ’Έγεσταν
2072 3237 2445 3314 corruptum
2487 3253 2623 3297 esse
2667 3233 2755 3296 vi-

460 3332 676 3408 detur,
723 3351 865 3394 cum
912 3329 1017 3394 vix
1061 3330 1449 3395 credendum
1495 3332 1611 3407 sit,
1658 3329 1738 3394 ab
1772 3332 1978 3414 Appio
2013 3331 2283 3414 Claudio
2330 3333 2496 3397 hanc
2541 3334 2758 3399 urbem

462 3454 597 3498 esse
652 3438 1125 3516 oppugnatam;
1199 3432 1468 3497 fortasse
1534 3431 1838 3496 librarius
1899 3453 2131 3498 nomen
2188 3426 2517 3516 Ἐχέτλαν,
2592 3437 2758 3521 quod

463 3534 767 3620 oppidum
810 3554 1008 3616 prope
1040 3533 1404 3599 Messanam
1448 3533 1643 3597 situm
1691 3539 1817 3610 est,
1861 3535 2029 3600 male
2074 3537 2345 3601 mutavit
2388 3540 2457 3602 in
2491 3539 2757 3620 Egestae

462 3636 640 3701 urbis
685 3655 915 3699 nomen
962 3634 1295 3699 celebrius.
1407 3636 1691 3701 Zonaras
1724 3637 1781 3716 ⁶)
1830 3643 2055 3701 narrat
2100 3639 2379 3722 Appium
2425 3638 2756 3705 Claudium

463 3743 804 3824 postquam
852 3736 1046 3801 Hiero
1092 3737 1448 3819 aufugerit,
1525 3738 1825 3802 adortum
1868 3758 2004 3803 esse
2053 3739 2331 3817 Poenos,
2391 3743 2501 3824 qui
2548 3747 2757 3808 castra

464 3841 531 3904 in
576 3839 959 3923 paeninsula
1002 3837 1474 3904 collocaverint.
1563 3839 1827 3917 FauceS,
1873 3859 1989 3923 per
2024 3861 2185 3923 quas
2228 3841 2396 3906 solas
2438 3845 2756 3927 penetrari

465 3946 721 4026 poterat
779 3941 847 4005 in
912 3941 1387 4024 paeninsulam,
1476 3962 1661 4007 muro
1723 3947 1788 4006 et
1829 3935 2030 4006 ·fossa
2099 3949 2286 4008 erant
2357 3945 2754 4026 interclusae,

614 4198 652 4267 ¹)
727 4197 812 4251 ed.
848 4196 1010 4251 Jahn.
1046 4215 1100 4267 p.
1137 4201 1225 4252 29.
1326 4193 1335 4198 ’
1400 4201 1445 4269 ²)
1517 4200 1601 4268 Π,
1644 4200 1726 4256 13.
1766 4200 1849 4253 ed.
1886 4199 2095 4254 Hertel.
2246 4202 2288 4269 ³)
2357 4202 2450 4270 IV,
2488 4207 2537 4256 7.

606 4285 651 4356 ⁴)
723 4286 899 4355 1,15.
1052 4287 1102 4353 ⁵)
1172 4287 1387 4355 xxm,
1425 4291 1476 4342 3.
1629 4289 1672 4353 ⁶)
1739 4288 1897 4356 vm,
1937 4291 1987 4342 9.
