3088 5021
1459 367 1538 429 25

334 536 613 601 Romani
679 536 789 619 qui
851 536 1208 602 Poenorum
1266 541 1481 603 castra
1550 541 2086 622 oppugnaverunt
2102 585 2119 617 ,
2207 556 2426 601 eorum
2493 535 2640 601 telis

336 638 533 704 occisi
591 645 774 718 sunt,
849 638 960 705 sed
1017 661 1164 704 cum
1208 640 1449 724 Appius
1494 639 1803 705 Claudius
1846 639 2194 705 exercitum
2246 658 2313 702 se
2357 637 2639 722 recipere

335 741 656 820 iussisset,
732 741 925 806 Poeni
969 763 1115 806 eum
1162 740 1465 807 alacriter
1506 740 1889 806 invadentes
1932 738 2138 823 fugati
2183 747 2369 818 sunt,
2428 741 2523 805 ita
2566 745 2639 805 ut
2745 747 2750 752 ’

330 844 536 921 ,Poeni
582 842 887 927 quamdiu
935 841 1244 909 Claudius
1287 844 1510 909 consul
1552 845 1621 908 in
1665 842 1885 909 Sicilia
1929 843 2081 920 fuit,
2136 863 2171 907 e
2219 832 2446 908 castris
2490 861 2638 926 pro·
2689 887 2697 893 -

339 945 482 1009 dire
524 966 652 1010 non
698 946 827 1009 sint
869 946 1032 1012 ausi.
1152 947 1393 1029 Appius
1439 950 1655 1011 autem
1703 945 2053 1029 Syracusas
2097 945 2394 1011 obsidens
2448 963 2640 1029 saepe

336 1046 685 1113 infeliciter
727 1048 1038 1130 pugnavit
1067 1053 1134 1113 et
1175 1050 1243 1113 in
1288 1048 1625 1131 angustias
1669 1047 1972 1112 reductus
2016 1053 2245 1133 captus
2285 1051 2470 1125 esset,
2515 1046 2640 1111 nisi

337 1149 490 1215 dolo
534 1171 601 1215 se
642 1171 722 1215 ex
764 1150 846 1215 iis
888 1142 1343 1233 expedivisset:
1391 1149 1469 1214 de
1514 1170 1673 1234 pace
1718 1170 1863 1215 cum
1896 1150 2172 1214 Hierone
2218 1169 2416 1232 agens
2457 1147 2641 1233 paul·

336 1251 528 1316 latim
569 1253 831 1317 recessit
873 1252 1074 1317 donec
1115 1252 1186 1316 in
1227 1256 1370 1319 tuto
1402 1246 1601 1318 esset.
1676 1252 1906 1335 Itaque
1923 1252 2168 1336 Appius
2212 1272 2418 1335 neque
2448 1250 2640 1334 Syra-

336 1373 529 1419 cusas
587 1373 952 1437 expugnare
983 1402 998 1433 ,
1086 1374 1293 1437 neque
1354 1355 1600 1420 Poenos
1657 1374 1691 1418 e
1749 1354 1979 1419 castris
2032 1353 2352 1438 expellere
2409 1354 2637 1437 potuit·

341 1455 523 1520 Haec
566 1455 852 1521 Zonaras
895 1458 1181 1522 narratio
1225 1477 1433 1540 neque
1477 1456 1762 1521 concinit
1803 1476 1949 1520 cum
1990 1457 2070 1520 iis
2113 1475 2279 1539 quae
2322 1454 2641 1540 Polybius,

342 1578 554 1641 neque
600 1578 744 1621 cum
789 1558 867 1622 iis
917 1578 1083 1642 quae
1131 1558 1420 1623 Philinus
1465 1557 1768 1637 tradidit,
1846 1563 2061 1623 tamen
2103 1579 2185 1622 ex
2228 1563 2490 1622 auctore
2534 1557 2641 1622 de-

340 1664 601 1744 sumpta
643 1659 899 1739 videtur
940 1681 1075 1725 esse
1122 1661 1236 1743 qui
1278 1681 1319 1725 a
1363 1660 1718 1726 Poenorum
1764 1665 1947 1744 parte
1992 1661 2191 1725 stetit.
2280 1660 2402 1739 Qui
2446 1658 2644 1725 fuerit

338 1760 454 1826 ille
498 1761 801 1845 scriptor,
858 1768 1071 1826 utrum
1124 1763 1327 1841 Zeno,
1373 1763 1522 1846 qui,
1567 1769 1641 1829 ut
1684 1784 1718 1827 e
1764 1762 2046 1845 Diogene
2089 1761 2347 1827 Laertio
2391 1782 2640 1846 compe·

342 1863 577 1942 rimus,
642 1868 788 1948 post
844 1864 1084 1929 bellum
1140 1864 1448 1930 Punicum
1502 1866 1783 1949 primum
1850 1868 1969 1929 τοῖ’
2024 1858 2285 1952 Πύρρου
2348 1859 2642 1949 ἱστορίαν

345 1959 444 2043 εἷς
479 1957 750 2049 Ἰταλίαν
809 1962 923 2030 καὶ
973 1966 1274 2030 Σικελίαν
1331 1970 1398 2032 et
1442 1964 1767 2054 ἐπιτομὴν
1807 1971 1938 2032 τῶν
1980 1964 2455 2054 πεπραγμένων
2490 1962 2643 2032 Ῥω-

343 2062 569 2148 μαίοις
606 2090 680 2133 τε
721 2063 833 2132 καὶ
866 2064 1334 2155 Καρχηδονίοις
1377 2072 1755 2154 conscripsit
1775 2119 1795 2150 ‚
1851 2090 1936 2135 an
1980 2070 2147 2136 alius
2191 2071 2466 2154 scriptor
2508 2070 2641 2136 fue-

338 2171 464 2249 rit,
538 2171 718 2236 cuius
761 2191 993 2235 nomen
1038 2192 1167 2235 non
1215 2177 1314 2236 est
1354 2178 1610 2250 notum,
1687 2172 2026 2239 diiudicari
2072 2171 2305 2256 nequit.
2355 2210 2432 2221 -—
2524 2172 2640 2238 Ce-

343 2273 471 2336 teri
538 2274 879 2357 scriptores
948 2273 1175 2339 Florus
1211 2277 1265 2355 1)
1292 2323 1307 2352 ,
1385 2275 1733 2358 Eutropius
1761 2278 1816 2358 2)
1841 2326 1857 2352 ,
1931 2275 2192 2340 Orosius
2222 2277 2281 2356 3)
2347 2275 2643 2341 celeriter

349 2374 905 2458 Carthaginienses
959 2397 1001 2439 a
1061 2375 1365 2442 Romanis
1424 2377 1622 2442 victos
1678 2398 1816 2444 esse
1874 2378 2172 2456 tradunt,
2249 2397 2378 2460 qua
2435 2398 2513 2443 ex
2572 2397 2642 2442 re

349 2483 522 2541 recte
576 2477 875 2561 colligere
929 2499 1031 2543 me
1091 2486 1271 2563 puto,
1342 2478 1598 2546 Valerio
1657 2480 1907 2546 Antiati
1965 2480 2145 2547 illam
2206 2480 2642 2546 narrationem

348 2579 1020 2664 deber1,praeserti1n
1063 2603 1211 2646 cum
1250 2581 1319 2646 in
1365 2582 1527 2646 Livii
1574 2583 1879 2667 periocha
1921 2583 2071 2649 libri
2102 2584 2253 2650 XVl
2298 2584 2645 2649 immensus

347 2701 683 2747 censorum
712 2682 1042 2748 hominum
1072 2704 1375 2749 numerus
1405 2679 1950 2764 commemoretur,
1996 2688 2105 2769 qui
2138 2692 2211 2750 ut
2231 2685 2560 2752 Nissenius
2582 2688 2643 2767 ⁴)

349 2784 723 2864 affirmavit,
781 2806 1029 2868 semper
1075 2785 1313 2850 Valerii
1363 2788 1641 2852 Antiatis
1684 2794 2048 2853 commenta
2088 2788 2320 2871 prodit.

520 2887 791 2952 Romani
835 2887 1137 2952 certiores
1180 2887 1335 2952 facti
1381 2890 1460 2954 de
1505 2891 1698 2956 rebus
1740 2890 1823 2955 ab
1876 2891 2080 2975 Appio
2125 2889 2399 2956 Claudio
2445 2890 2644 2956 felici-

351 2995 452 3053 ter
484 2990 558 3052 in
604 2989 823 3054 Sicilia
865 2992 1058 3073 gestis
1107 2989 1210 3053 M.’
1258 2990 1601 3057 Otacilium
1650 2992 1950 3058 Crassum
1995 2992 2103 3057 M.’
2136 2992 2464 3058 Valerium
2508 2993 2643 3059 Ma-

353 3092 598 3156 ximum
661 3091 952 3157 consules
1018 3114 1165 3157 cum
1235 3092 1323 3157 IV
1389 3093 1751 3178 legionibus
1815 3095 1883 3160 in
1952 3095 2238 3160 Siciliam
2309 3094 2641 3175 miserunt,

351 3193 582 3276 quibus
626 3192 1114 3260 advenientibus
1166 3196 1371 3260 multa
1418 3195 2050 3279 Carthaginiensium
2112 3204 2177 3262 et
2220 3197 2644 3280 Syracusano-

349 3317 493 3359 rum
538 3295 775 3381 oppida
818 3296 899 3361 ad
947 3296 1266 3360 Romanos
1311 3297 1703 3363 defecerunt.
1819 3299 2127 3364 Consules
2184 3300 2644 3383 Syracusarum

349 3405 665 3481 pararunt
703 3398 1116 3464 obsidionem.
1232 3400 1426 3465 Hiero
1474 3407 1687 3465 autem
1735 3401 1977 3485 legatos
2020 3403 2100 3467 de
2146 3421 2302 3485 pace
2347 3402 2645 3470 facienda

238 3565 243 3570 .
356 3498 442 3564 ad
487 3520 594 3562 eos
637 3502 828 3564 misit.
950 3502 1250 3567 Foederis
1295 3503 1693 3568 conditiones
1739 3504 2040 3587 Polybius
2072 3507 2130 3584 5)
2190 3502 2307 3567 has
2350 3504 2643 3571 rettulit:

351 3607 425 3664 ut
471 3601 664 3665 Hiero
709 3602 1004 3668 redderet
1047 3606 1333 3688 captivos
1381 3606 1686 3672 Romanis
1745 3608 1882 3672 sine
1939 3606 2148 3690 pretio
2191 3613 2258 3671 et
2301 3606 2351 3671 C
2396 3607 2647 3674 talenta

351 3704 616 3787 insuper
682 3706 1006 3788 penderet.
1132 3708 1270 3786 Quo
1314 3728 1393 3771 ex
1436 3708 1614 3773 fonte
1672 3710 1830 3774 haec
1872 3709 2160 3773 hauserit
2200 3708 2498 3792 Polybius
2538 3710 2645 3776 vix

350 3805 649 3887 indagari
694 3811 938 3890 potest,
997 3830 1142 3873 cum
1186 3811 1384 3873 nimio
1428 3810 1762 3876 brevitatis
1807 3811 2021 3876 studio
2065 3811 2278 3876 omnia
2320 3817 2644 3878 coartave-

349 3908 456 3972 rit.
561 3908 881 3976 Diodorus
914 3911 976 3995 6)
1029 3910 1348 3976 Philinum
1397 3919 1652 3986 secutus
1696 3913 1947 3978 videtur
1992 3933 2158 3989 esse,
2234 3934 2377 3978 cum
2422 3921 2487 3979 et
2529 3935 2645 3980 nu-

349 4030 595 4074 merum
641 4014 709 4074 et
748 4012 1009 4077 nomina
1053 4013 1310 4079 urbium
1354 4021 1420 4079 et
1463 4018 1775 4080 rationem
1821 4034 1951 4098 qua
1994 4034 2061 4079 se
2092 4014 2397 4079 Romanis
2440 4015 2646 4082 dedis-

497 4268 537 4332 ι)
609 4286 662 4337 p.
700 4227 911 4323 29sed.
948 4266 1110 4321 Jahn.
1289 4266 1335 4329 2)
1407 4265 1485 4332 11,
1530 4265 1611 4319 is.
1790 4265 1832 4332 ³)
1902 4263 1997 4319 1v.
2041 4268 2091 4317 7.

429 4355 534 4441 ι4)
604 4355 714 4408 1.1.
750 4372 804 4424 p.
843 4356 926 4409 43.
1088 4354 1136 4418 ⁵)
1204 4353 1417 4423 1,15.·
1526 4352 1955 4423 e),xxn1,4.
