3088 5021
1553 372 1682 433 ·44

502 533 716 598 Valer.
764 533 934 598 Max.
981 533 1076 611 11,
1125 538 1226 598 74.
1264 533 1614 600 Frontinus
1650 535 1759 613 IV,
1798 539 1849 614 l,
1883 534 1984 601 31.
2097 535 2378 599 Zonaras
2409 531 2586 609 VIII,
2627 533 2726 595 14.

588 634 655 701 C.
675 634 867 701 Cotta
891 636 960 699 P.
981 634 1224 699 Aureli·
1322 635 1496 705 Idem
1543 636 1610 700 P.
1658 636 1987 701 Aurelium
2064 630 2402 722 Αὐρήλιος
2430 671 2515 682 -
2557 627 2808 697 ἔπλευ-

499 757 606 799 um
637 737 1048 802 Pecuniolam
1078 758 1221 802 san-
1264 738 1570 818 sanguine
1640 738 1760 801 sibi
1845 738 1984 802 iun·
2024 758 2134 804 σεν
2176 732 2271 814 εἷς
2310 729 2641 819 Λιπάραν
2686 729 2808 797 καὶ

426 900 431 906 .
499 839 689 920 guine
742 839 861 904 sibi
918 838 1223 915 iunctum,
1265 843 1438 903 ctum
1482 860 1670 922 quem
1714 838 1984 907 obsidio·
2024 838 2091 906 ἐν
2177 832 2344 927 αὕτῇ
2421 833 2757 923 χιλίαρχον

500 961 688 1022 quem
749 940 1061 1005 obsidioni
1125 940 1225 1005 Li·
1267 941 1332 1005 ni
1397 942 1779 1025 Lipararum
1849 943 1985 1026 ipse
2023 938 2306 1008 Κύϊντον
2335 936 2640 1027 Κάσσιον
2682 960 2808 1002 κα-

498 1043 840 1125 paritanae
881 1043 963 1109 ad
1010 1044 1215 1127 auspi·
1262 1044 1347 1106 ad
1377 1043 1665 1126 auspicia
1697 1050 1979 1128 repeten-
2021 1039 2322 1110 ταλιπών
2406 1033 2805 1128 προςεδρεύ-

499 1144 599 1207 cia
660 1145 1007 1228 repetenda
1061 1144 1221 1208 Mes·
1261 1145 1346 1209 da
1378 1145 1740 1209 Messanam
1779 1150 1983 1208 trans·
2023 1168 2223 1212 σοντα
2250 1141 2471 1232 ’μάχης
2509 1135 2675 1207 ἄνευ
2719 1134 2806 1205 οῗ-

498 1266 725 1311 sanam
832 1247 1221 1311 transiturus
1260 1248 1468 1311 iturus
1569 1245 1984 1330 praefecerat,
2021 1252 2227 1336 πῆρεν
2284 1240 2529 1311 οἴκαδε.
2591 1238 2806 1309 Κόϊν-

497 1347 942 1430 praefecerat,
1032 1348 1221 1430 virgis
1258 1370 1402 1413 oum
1448 1369 1645 1432 agger
1686 1350 1985 1412 incensus
2020 1374 2135 1429 τος
2186 1347 2259 1416 δὲ
2308 1344 2400 1435 μὴ
2445 1340 2810 1434 φροντίσας

497 1469 753 1513 caesum
788 1450 1056 1527 militiae
1085 1471 1219 1515 mu·
1259 1457 1325 1516 et
1367 1456 1560 1534 capta
1619 1457 1833 1516 castra
1890 1470 1981 1515 es·
2020 1457 2137 1542 τῆς
2160 1440 2425 1537 ἐντολῆς
2453 1444 2810 1535 προςέμιξε

498 1573 649 1617 nere
704 1553 890 1618 ‘inter
975 1553 1222 1637 pedites
1258 1556 1438 1630 sent,
1488 1553 1685 1635 virgis
1729 1573 1980 1617 caesum
2020 1559 2102 1642 τῇ
2131 1550 2327 1619 πόλει
2369 1549 2484 1617 καὶ
2513 1544 2811 1625 πολλοὺς

499 1654 678 1736 fungi
742 1656 980 1738 coegit,
1050 1652 1218 1736 quod
1258 1656 1323 1718 in
1377 1676 1714 1720 numerum
1762 1675 1977 1739 grega-
2022 1651 2356 1740 ἀπέβαλεν
2379 1705 2394 1734 ,
2477 1648 2516 1718 ὃ
2576 1651 2811 1735 μέντοι

497 1757 635 1820 eius
666 1755 856 1840 culpa
884 1776 1083 1838 agger
1125 1756 1211 1819 in·
1256 1756 1415 1820 lium
1449 1757 1726 1822 militum
1759 1757 1986 1821 referri
2023 1753 2365 1844 Αὐρήλιος
2385 1751 2555 1838 μετὰ
2595 1756 2811 1818 ταῦτα

497 1877 724 1923 census
766 1862 833 1920 et
874 1877 1079 1940 paene
1116 1878 1217 1922 ca·
1257 1864 1324 1923 et
1366 1859 1739 1941 muneribus
1806 1859 1982 1942 fungi
2024 1856 2306 1936 ἐκείνους
2346 1852 2515 1922 ἑλὼν
2548 1850 2813 1932 πάντας

496 1965 633 2024 stra
675 1965 864 2024 erant
906 1965 1115 2043 capta.
1257 1960 1460 2025 iussit.
2022 1955 2353 2027 ἀπέκτανε
2435 1956 2553 2024 καὶ
2637 1953 2756 2022 τὸν

2021 2058 2324 2129 Κάσσιον
2408 2064 2530 2148 τῆς
2613 2053 2818 2146 α’ρχῆς

2023 2159 2328 2231 ἔπαυσεν.
2823 2167 2828 2171 ’

673 2265 878 2330 Nimis
923 2270 1315 2350 exaggerata
1359 2269 1540 2344 sunt,
1607 2286 1771 2349 quae
1816 2266 2081 2331 Orosius
2116 2272 2174 2349 ¹)
2234 2266 2440 2332 tradit
2463 2317 2481 2348 ,
2549 2266 2820 2331 Cottam

495 2367 823 2433 consulem
877 2367 943 2431 in
990 2367 1275 2433 Siciliam
1321 2360 1796 2450 transgressum
1853 2367 2148 2452 plurimis
2189 2368 2455 2452 proeliis
2500 2368 2821 2436 adversus

500 2472 746 2537 Poenos
789 2475 856 2535 et
897 2469 1142 2535 Siculos
1195 2476 1373 2535 terra
1415 2470 1708 2555 marique
1763 2490 2082 2555 pugnasse
2125 2477 2192 2535 et
2235 2491 2349 2553 per
2393 2476 2605 2536 totam
2653 2469 2823 2536 Sici-

492 2575 651 2639 liam
693 2573 932 2657 partim
976 2553 1256 2637 hostium
1300 2573 1539 2656 partim
1587 2573 1902 2637 sociorum
1950 2572 2319 2639 inhumatas
2360 2579 2615 2657 strages
2662 2572 2823 2637 reli-

494 2676 727 2760 quisse.
855 2673 1089 2738 Utrum
1135 2674 1354 2740 Livius
1398 2674 1535 2757 ipse
1579 2673 1743 2739 haec
1786 2675 2183 2753 narraverit,
2258 2695 2341 2739 an
2388 2675 2662 2740 Orosius
2708 2675 2825 2739 Li-

494 2778 579 2842 vii
625 2777 1062 2842 narrationem
1106 2776 1544 2860 ampliaverit,
1591 2775 1932 2841 diiudicari
1978 2778 2233 2860 nequit3
2292 2798 2327 2841 e
2374 2777 2670 2855 Zonara5
2741 2781 2823 2842 ut

494 2900 691 2965 supra
748 2878 1058 2957 diximus,
1131 2878 1254 2943 hoc
1311 2884 1566 2942 tantum
1626 2883 1882 2942 constat
1901 2926 1916 2954 ‚
1988 2897 2028 2941 a
2070 2878 2250 2943 Livio
2309 2899 2449 2944 esse
2505 2879 2820 2959 relatum,

492 2988 755 3066 praeter
801 2980 1133 3072 Himeram
1174 2981 1307 3045 alia
1350 2979 1588 3063 oppida
1632 3000 1772 3044 esse
1814 2985 2024 3062 capta.

666 3085 805 3149 Hoc
850 3103 1019 3148 anno
1065 3103 1292 3147 census
1337 3081 1595 3146 habitus
1640 3086 1740 3146 est
1783 3082 2055 3158 Romae,
2102 3087 2297 3164 atque
2340 3086 2416 3146 ut
2457 3102 2494 3147 e
2542 3082 2730 3147 Livio
2757 3084 2820 3164 2)

491 3190 651 3273 ipstr
678 3186 1134 3268 comperimus,
1181 3184 1334 3250 XVI
1377 3189 1707 3249 senatores
1753 3187 1982 3247 senatu
2025 3184 2181 3248 moti
2227 3189 2379 3249 sunt
2402 3233 2419 3262 ‚
2480 3188 2558 3247 ut
2598 3205 2636 3249 e
2687 3184 2821 3249 Va-

491 3290 652 3356 lerio
699 3288 982 3353 Maximo
1013 3289 1074 3369 3)
1146 3293 1211 3350 et
1271 3286 1521 3350 Pseudo
1543 3324 1571 3334 -
1595 3285 1909 3350 Frontino
1938 3290 1994 3368 ⁴)
2060 3287 2539 3368 cognoscimuS,
2606 3288 2821 3354 etiam

494 3390 708 3459 CCCC
753 3390 1031 3473 equites,
1089 3388 1199 3472 qui
1245 3387 1524 3452 consulis
1569 3387 1912 3472 imperium
1960 3387 2483 3453 detrectaverant
2507 3438 2522 3469 ‚
2569 3409 2610 3453 a
2655 3409 2818 3454 cen-

493 3493 743 3559 soribus
787 3493 994 3556 notati
1038 3494 1207 3555 sunt.
1879 3544 1892 3551 -

664 3595 877 3658 Etiam
924 3613 1095 3657 anno
1142 3611 1200 3655 a.
1233 3613 1298 3654 u.
1330 3610 1384 3653 c.
1432 3590 1595 3654 DIII
1640 3589 1913 3653 Romani
1959 3610 2153 3672 quam
2199 3593 2479 3657 maxime
2525 3614 2567 3656 a
2610 3593 2820 3660 rebus

489 3696 835 3776 maritimis
891 3715 960 3759 se
1016 3693 1414 3758 abstinentes
1472 3692 1546 3756 L.
1604 3690 1954 3755 Caecilium
2013 3691 2344 3756 Metellum
2403 3692 2472 3758 C.
2532 3694 2818 3761 Furium

489 3799 801 3866 Pacillum
846 3796 1142 3863 eonsules
1185 3796 1255 3859 in
1289 3793 1571 3859 Siciliam
1620 3793 1966 3869 miserunt;
2021 3794 2216 3857 Poeni
2261 3794 2453 3859 rebus
2496 3818 2818 3882 prospere

486 3901 981 3987 procedentibus
1024 3900 1176 3964 elati
1223 3895 1700 3963 Hasdrubalem
1760 3915 1906 3959 cum
1965 3895 2237 3978 triginta
2295 3898 2579 3983 amplius
2638 3901 2821 3966 mili-

485 4006 609 4072 bus
651 4003 942 4089 peditum
983 4001 1404 4086 equitumque
1450 4003 1515 4064 et
1560 4019 1705 4063 cum
1739 3996 1976 4063 CXXX
2007 3997 2369 4082 elephantis
2413 4002 2481 4064 in
2513 4001 2819 4070 Siciliam

486 4107 763 4174 transire
807 4107 1153 4171 iusserunt.
1275 4099 1648 4166 Hasdrubal
1704 4105 1922 4164 autem
1979 4101 2192 4183 quoad
2252 4102 2443 4168 ambo
2505 4105 2822 4172 consules

626 4354 672 4423 ι)
742 4353 836 4424 1v,
873 4357 924 4410 9,
1060 4352 1108 4423 α)
1179 4346 1728 4421 perioch.1.XV111.
1882 4344 1926 4416 3)
1996 4345 2067 4416 11,
2114 4350 2164 4411 9,
2191 4350 2244 4401 7.
2384 4347 2433 4418 ⁴)
2505 4349 2604 4420 IV,
2634 4353 2685 4421 1,
2724 4354 2820 4408 22.
