3088 5021
1467 325 1549 388 23

359 513 404 557 a
435 491 639 556 Dione
670 487 926 566 Cassio,
977 488 1262 554 Zonaras
1305 487 1515 568 fonte,
1572 511 1607 552 e
1652 488 1907 555 Philino
1951 494 2066 555 aut
2110 511 2144 555 e
2180 490 2488 571 Diodoro,
2550 496 2666 557 aut

355 616 396 660 e
451 593 763 676 scriptore
810 589 1148 674 desumpta
1206 611 1343 655 esse
1401 591 1656 656 videtur
1683 641 1697 670 ,
1771 594 1882 677 qui
1937 593 2296 658 Poenorum
2353 594 2660 659 astutiam

359 694 697 762 ostendere
738 692 1004 756 studuit.
1110 693 1558 758 Narrationem
1605 700 1855 773 autem,
1926 717 2120 778 quam
2168 694 2474 761 Aurelius‘
2517 696 2663 761 Vic-

359 804 466 863 tor
502 802 551 877 1)
610 796 688 860 de
734 794 924 878 Appii
972 793 1227 859 Claudii
1286 796 1565 860 consulis
1611 797 1887 861 traiectu
1947 799 2014 862 in
2061 796 2344 862 Siciliam
2390 816 2665 865 comme.-

359 897 667 977 moravit‚
716 897 927 961 nescio
976 916 1101 979 quo
1145 917 1224 960 ex
1268 897 1442 963 fonte
1489 898 1598 963 ille
1642 898 1964 978 hauserit3
2010 920 2158 964 nam
2204 920 2370 983 quae
2415 899 2495 963 de
2544 901 2665 984 Ap-

358 1002 468 1088 pio
515 999 787 1066 Claudio
832 998 1065 1078 refert,
1135 1019 1280 1064 eum
1324 1020 1487 1065 nave
1532 1001 1880 1085 piscatoria
1927 982 2162 1066 fretuin
2209 1002 2534 1066 traiecisse
2578 1001 2664 1067 ad

363 1101 791 1189 explorandos
850 1101 1102 1180 hosteS,
1181 1106 1247 1166 et
1303 1123 1468 1185 quae
1525 1103 1603 1168 de
1662 1104 1868 1188 Appio
1927 1125 2074 1168 cum
2119 1103 2664 1187 Carthaginiensi·

358 1207 481 1272 bus
523 1209 755 1287 agente
801 1209 876 1269 ut
919 1202 1284 1268 Messanam
1332 1205 1883 1290 derelinquerent,
1929 1206 2172 1286 tradit,
2237 1225 2361 1268 non
2407 1205 2492 1270 ad
2537 1207 2665 1288 Ap-

357 1310 537 1393 pium
553 1306 895 1371 Claudium
923 1305 1266 1385 consulem,
1312 1308 1421 1372 sed
1454 1308 1536 1372 ad
1570 1307 1899 1373 tribunum
1930 1308 2203 1372 militum
2227 1307 2297 1372 C.
2320 1306 2662 1372 Claudium
2747 1316 2750 1321 '

358 1412 687 1495 pertinent
718 1458 732 1486 ‚
807 1414 883 1472 ut
948 1428 983 1471 e
1043 1406 1246 1472 Dione
1307 1409 1526 1475 Cassio
1556 1411 1618 1494 2)
1676 1414 1742 1473 et
1798 1411 2047 1475 Zonara
2076 1413 2134 1492 3)
2203 1409 2660 1491 cognoscimus.

361 1517 571 1595 Atque
615 1531 879 1595 prorsus
923 1509 1261 1575 ridiculum
1310 1518 1449 1592 est,
1493 1513 1666 1595 quod
1699 1512 1996 1578 Aurelius
2027 1513 2246 1577 Victor
2290 1511 2367 1576 de
2412 1510 2664 1575 ratione

352 1614 545 1694 dicit,
606 1635 736 1699 qua
781 1614 1026 1697 Appius
1072 1612 1382 1678 Claudius
1425 1614 1663 1679 milites
1706 1614 2069 1679 Messanam
2116 1613 2462 1679 traiecerit.

530 1743 624 1808 De
677 1742 923 1827 proelio
979 1744 1150 1807 inter
1194 1745 1515 1808 Romanos
1573 1749 1640 1808 et
1685 1744 2121 1826 Syracusanos
2166 1743 2500 1808 commisso
2547 1742 2665 1806 Po-

353 1848 509 1933 lybii
575 1847 865 1912 narratio
929 1867 1192 1930 prorsus
1258 1846 1502 1912 recedit
1568 1847 1649 1912 ab
1712 1866 1823 1925 ea,
1903 1867 2097 1930 quam
2143 1845 2439 1910 Philinus
2472 1848 2530 1924 4)
2601 1850 2666 1910 et

357 1952 643 2016 Zonaras
687 1948 1114 2015 tradiderunt.
1206 1949 1384 2026 Quae
1427 1948 1493 2012 in
1529 1948 1791 2012 Diodori
1838 1936 2128 2031 reliquiis
2174 1969 2252 2012 ea
2298 1949 2377 2013 de
2417 1969 2488 2012 re
2532 1953 2665 2011 tra-

357 2052 603 2119 duntur
626 2102 640 2127 ,
719 2051 910 2116 nimis
975 2057 1132 2137 sunt¹
1190 2056 1519 2123 coartata:
1616 2057 1811 2134 atque
1873 2070 2122 2114 errasse
2188 2049 2348 2115 mihi
2412 2050 2667 2115 videtur

359 2155 778 2221 Casaubonus
801 2204 819 2233 ,
893 2155 1004 2236 qui
1063 2175 1098 2216 e
1145 2154 1392 2218 verbis:
1483 2147 1590 2217 ὅτι
1650 2147 2175 2237 διαπεράσαντος
2230 2154 2350 2217 τοῦ
2407 2146 2666 2216 ὑπάτου

353 2253 451 2335 εἰς
493 2253 851 2342 Μεσσήνην
895 2251 930 2322 ὁ
968 2251 1176 2342 Ἱέρων
1221 2252 1499 2339 νομίζων
1544 2255 1964 2342 προδοθῆναι
2008 2251 2128 2342 τὴν
2172 2248 2480 2337 διάβασιν
2524 2249 2661 2318 ὑπὸ

351 2353 816 2446 Καρχηδονίων
860 2355 1091 2447 ἔφυγεν
1133 2354 1229 2437 εἰς
1259 2353 1675 2443 Συρακούσας
1718 2357 1979 2442 collegit
2014 2357 2358 2422 Hieronem
2404 2359 2664 2423 omnino

353 2483 482 2526 non
535 2482 856 2547 pugnasse
912 2483 1056 2527 cum
1104 2463 1447 2541 Romanis;
1536 2482 1571 2527 e
1626 2462 1915 2526 Zonarae
1984 2460 2153 2526 enim
2214 2459 2464 2526 verbis:
2553 2455 2667 2525 καὶ

360 2560 816 2653 προςπλεύςας
889 2569 1001 2644 (sc.
1061 2559 1098 2629 ὅ
1156 2560 1519 2651 Κλαύδιος)
1602 2558 1679 2629 οὗ
1750 2559 1976 2651 πόρῤω
2037 2566 2156 2628 τοῦ
2212 2561 2665 2648 στρατοπέδου

354 2672 475 2733 τοῦ
512 2661 796 2753 Ἱέρωνος
838 2660 1074 2732 αὐτίκα
1121 2667 1449 2749 συνέμιξε,
1495 2659 1773 2746 νομίζων
1821 2661 2279 2753 φοβερώτατος
2323 2660 2550 2742 αὐτοῖς
2593 2662 2666 2730 ἐκ

294 2808 305 2812 »
358 2774 477 2835 τοῦ
534 2765 789 2854 ἀθρόου
835 2765 1273 2857 φανήσεσθαι.
1363 2763 1976 2850 οἷντεπεξελθόντων
2033 2760 2096 2832 δ’
2141 2764 2355 2832 αὐτῶν
2411 2764 2490 2834 τὸ
2546 2766 2666 2851 μὲν

357 2878 489 2939 τῶν
527 2868 860 2955 Ῥωμαίων
906 2866 1190 2938 ἱππικὸν
1230 2865 1586 2960 ἠλαττώθη
1608 2922 1625 2953 ,
1699 2866 1776 2936 τὸ
1822 2871 1861 2937 δ
1870 2866 1890 2890 ’
1935 2865 2287 2936 ὁπλιτικὸν
2326 2866 2663 2956 ὑπερέσχε.

359 2973 470 3041 καὶ
515 2972 551 3041 ὅ
578 2972 785 3060 Ἱέρων
828 2970 978 3039 τότε
1008 2972 1139 3057 μὲν
1183 2969 1278 3052 εἷς
1321 2972 1403 3040 τὰ
1445 2966 1591 3062 ὅρη,
1642 2971 1709 3052 ἐς
1753 2972 1825 3039 δὲ
1868 2970 1987 3052 τὰς
2016 2969 2430 3057 Συρακούσας
2469 2969 2664 3038 ὕστε-

358 3102 472 3165 ρον
515 3072 968 3165 ἀπεχώρησεν,
1029 3078 1187 3142 satis
1230 3078 1477 3142 elucere
1523 3076 1696 3140 mihi·
1727 3077 2014 3155 videtur,
2061 3076 2215 3160 quid
2263 3075 2553 3140 Philinus
2598 3083 2665 3140 et

358 3181 710 3259 Diodorus,
798 3200 942 3245 eum
1007 3185 1262 3244 secutus
1291 3230 1307 3260 ,
1371 3180 1797 3243 narraverint.
1890 3178 2257 3243 Secundum
2324 3178 2662 3261 Polybium

360 3282 652 3347 Philinus
683 3284 742 3363 9)
802 3282 968 3346 dixit
1025 3282 1370 3346 Hieronem
1421 3281 1489 3344 in
1552 3300 1772 3363 pugna
1833 3280 2167 3345 victoriam
2230 3279 2307 3344 de
2353 3280 2663 3345 Romanis

359 3390 723 3471 reportasse
748 3433 763 3461 ,
828 3382 1048 3468 paullo
1091 3387 1239 3468 post
1281 3389 1498 3448 autem
1542 3382 1960 3466 praecipitem
2004 3381 2252 3448 abiisse.
2341 3382 2662 3465 Polybius,

362 3489 475 3573 qui
535 3486 774 3552 Philini
830 3488 1267 3553 narrationem
1336 3484 1759 3569 improbavit,
1835 3490 2039 3549 totam
2096 3489 2290 3566 atque
2343 3485 2661 3569 integram

362 3592 500 3655 eius
542 3590 985 3655 narrationem
1031 3588 1357 3654 rettulisse
1402 3587 1562 3651 mihi
1607 3608 1737 3651 non
1785 3586 2038 3651 videtur
2060 3636 2076 3665 ,
2150 3585 2262 3649 sed
2306 3584 2476 3650 locos
2521 3591 2663 3650 tan-

360 3697 500 3758 tum
544 3712 652 3757 eos
697 3690 994 3775 elegisse,
1059 3711 1218 3775 quos
1281 3689 1657 3754 falsissimos
1718 3694 1784 3753 et
1848 3688 2339 3754 absurdissimos
2392 3687 2660 3767 habuit3

363 3796 649 3861 Zonaras
689 3798 938 3872 autem,
997 3793 1109 3876 qui
1152 3812 1354 3876 aeque
1399 3813 1476 3856 ac
1521 3791 1817 3856 Philinus
1863 3790 2162 3855 Hieronis
2211 3788 2548 3855 victoriam
2591 3785 2657 3854 et

507 4051 553 4119 l)
625 4067 672 4104 c.
710 4048 988 4103 XXXVII.
1129 4047 1174 4116 2)
1247 4048 1446 4117 fragm.
1483 4048 1580 4115 43,
1620 4047 1652 4100 5
1689 4048 1745 4100 et
1781 4048 1866 4100 30.
2007 4045 2051 4108 3)
2121 4044 2273 4113 VIII,
2314 4048 2366 4100 9.

508 4139 554 4207 ⁴)
628 4137 728 4192 cfr.
762 4137 955 4205 Polyb.
995 4139 1021 4189 1
1043 4176 1056 4203 ,
1094 4136 1190 4203 45,
1222 4136 1387 4190 01--3.
1530 4135 1575 4196 ⁵)
1645 4133 1798 4201 VIII,
1837 4136 1887 4189 9.
2169 4148 2176 4154 ’

508 4226 556 4287 6)
629 4225 843 4291 XXIII,
885 4226 945 4290 3,
977 4223 1062 4278 ed.
1087 4223 1376 4281 Dindorf..
1557 4221 1612 4290 Ἴ)
1685 4222 1742 4274 in
1776 4225 1889 4275 not.
1927 4221 1998 4296 ad
2032 4221 2225 4290 Polyb.
2262 4220 2349 4275 ed.
2384 4222 2488 4276 vol.
2523 4222 2619 4276 III.

362 4333 421 4384 p.
454 4316 571 4368 146.
746 4312 791 4381 8)
861 4311 1022 4381 VIII,
1060 4314 1119 4368 9.
1298 4311 1344 4380 ⁹)
1413 4309 1514 4367 cfr.
1550 4309 1742 4381 Polyb.
1774 4310 1836 4380 1,
1878 4310 1967 4379 15,
2004 4310 2158 4363 1—3.
