3088 5021
1579 339 1664 399 40

467 495 734 587 δαμο’δη
790 499 986 566 fuisse
1044 499 1350 578 affirmat,
1422 499 1534 564 sed
1578 498 1738 563 mihi
1792 497 1956 564 nihil
2013 500 2137 564 nisi
2197 521 2344 567 eum
2390 522 2538 567 cum
2582 501 2800 567 Lace-

467 603 825 669 daemoniis
870 601 1331 683 Carthaginem
1373 601 1623 666 venisse
1667 591 1958 668 constare
2001 602 2271 668 videtur.
2365 602 2370 607 ’

640 704 937 787 Polybius
983 709 1050 770 et
1094 705 1313 769 Livius
1354 704 1424 768 in
1470 693 1746 787 proeli0,
1819 724 1947 786 quo
1991 703 2273 787 Regulus
2315 726 2356 770 a
2399 705 2789 792 Xanthippo

466 807 674 873 victus
715 811 783 869 et
826 811 1053 890 captus
1098 812 1230 884 est,
1297 805 1663 872 enarrando
1708 805 1977 870 Fabium
2023 807 2226 872 secuti
2271 828 2409 873 esse
2453 809 2787 889 videntur,

464 929 612 975 cum
658 908 910 972 numeri
953 929 1195 984 eorum,
1268 907 1460 991 qui‘e
1506 908 1816 972 Romanis
1872 914 1988 972 aut
2030 908 2204 993 capti
2250 916 2401 976 sunt
2459 918 2575 976 aut
2619 911 2787 977 effu-

465 1016 732 1094 gerunt,
795 1010 968 1093 apud
1015 1008 1349 1092 Polybium
1381 1013 1476 1090 21),
1528 1009 1911 1093 Eutropium
1946 1012 2035 1089 2),
2057 1012 2375 1077 0Orosium
2408 1015 2469 1096 3)
2513 1034 2785 1097 prorsus

465 1112 890 1178 consentiant.
983 1111 1315 1196 Appianus
1347 1116 1435 1208 ⁴9?
1480 1111 1593 1194 qui
1638 1112 1862 1175 eadem
1906 1111 2126 1189 affert,
2170 1114 2292 1179 hoc
2339 1112 2591 1198 quoque
2635 1115 2784 1181 loco

465 1214 718 1280 Livium
765 1219 1022 1278 secutus
1068 1234 1207 1278 esse
1253 1213 1526 1290 videtur.
1619 1211 1829 1278 Etiam
1881 1213 1999 1278 Dio
2045 1214 2302 1280 Cassius
2350 1237 2387 1281 e
2431 1217 2612 1282 Livio
2658 1238 2787 1282 sua
2897 1244 2906 1247 ·

466 1316 713 1392 hausit,
786 1336 933 1379 cum
990 1315 1277 1379 Zonaras
1309 1316 1367 1395 ⁵)
1395 1303 1494 1377 “et
1550 1313 1849 1379 Frontini
1878 1318 1935 1393 6)
1998 1318 2403 1383 narrationes
2464 1318 2543 1383 de
2601 1320 2788 1384 Xan-

463 1417 711 1502 thipp0‚
752 1417 862 1500 qui
907 1416 1043 1481 sola
1086 1416 1211 1481 loci
1254 1403 1760 1480 commutatione
1806 1416 2129 1482 fortunam
2163 1418 2388 1508 Punici
2431 1419 2585 1485 belli
2629 1441 2785 1486 con-

463 1521 732 1585 vertisse
778 1519 1046 1597 dicitur,
1122 1519 1282 1583 satis
1325 1516 1718 1582 concinant.·
1781 1518 1830 1581 E
1875 1519 2074 1585 Fabio
2120 1527 2336 1585 autem
2382 1521 2543 1587 haec
2587 1542 2628 1587 a
2670 1523 2782 1587 Li-

464 1623 569 1687 vio
618 1641 755 1686 esse
801 1620 1171 1704 desumpta,
1221 1619 1471 1703 Polybii
1514 1620 1710 1684 verba
1740 1621 1798 1700 ⁷)
1842 1621 2256 1700 confirmant,
2300 1626 2412 1707 qui
2457 1624 2785 1708 Xanthip-

463 1744 617 1807 pum
682 1724 842 1787 facit
893 1723 1252 1786 dicentem:
1325 1716 1718 1808 χρησάμενοι
1771 1724 1916 1800 τοῖς
1971 1720 2325 1802 ἐπιπέδοις
2377 1730 2508 1791 τῶν
2547 1721 2786 1792 τόπων

464 1821 534 1891 ἔν
585 1848 658 1890 τε
713 1826 862 1901 ταῖς
917 1829 1214 1908 πορείαις
1268 1821 1378 1888 καὶ
1437 1823 2006 1909 στρατοπεδείαιςί
2033 1823 2145 1890 καὶ
2190 1824 2632 1913 παρατάξεσιν
2675 1822 2789 1894 εὕ-

458 1931 661 2012 χερῶς
712 1920 970 2004 ἑαυτοῖς
1009 1948 1085 1991 τε
1126 1924 1244 2013 τὴν
1285 1919 1656 2013 ἀσφάλειαν
1686 1922 2070 2013 δυνήσονται
2110 1927 2622 2016 παρασκευάζειν
2666 1927 2788 1995 καὶ

463 2026 620 2108 τοὺς
661 2022 1091 2106 ὑπεναντίους
1138 2031 1342 2093 νικᾶν.

634 2132 1048 2215 Xanthippus
1070 2181 1084 2209 ,
1130 2136 1475 2215 postquam
1499 2128 1812 2211 Regulum
1843 2131 2015 2214 cepit
2044 2137 2110 2196 et
2134 2132 2493 2198 Poenorum
2524 2133 2783 2200 animos

407 2248 412 2257 ·
465 2233 972 2315 redintegravit,
1017 2245 1234 2296 rerum
1276 2230 1672 2295 instabilium
1705 2231 2126 2299 mutationem
2153 2240 2447 2300 metuens
2489 2236 2558 2300 in
2581 2236 2786 2301 Grae-

468 2336 636 2401 ciam
680 2335 906 2411 rediit‚
951 2339 1027 2398 ut
1071 2332 1374 2415 Polybius
1392 2334 1450 2414 8)
1495 2337 1562 2397 et
1594 2333 1857 2399 Orosius
1879 2337 1935 2414 9)
1982 2344 2287 2415 narrant;
2335 2338 2658 2402 Diodorus
2692 2340 2786 2423 1⁰)

465 2443 691 2503 contra
734 2442 801 2502 et
833 2434 1132 2500 Valerius
1164 2434 1482 2499 Maximus
1522 2438 1603 2513 11)
1650 2439 1716 2499 et
1762 2437 2094 2520 Appianas
2133 2440 2216 2521 12)
2261 2444 2328 2504 et
2367 2440 2655 2505 Zonaras
2695 2442 2781 2517 ¹3)

467 2561 612 2606 eum
674 2560 715 2604 a
765 2537 1404 2620 Carthaginiensibus
1448 2538 1615 2603 clam
1674 2544 1971 2604 necatum
2033 2562 2170 2607 esse
2226 2542 2514 2620 tradunt.
2634 2540 2784 2609 Hae

466 2641 869 2706 narrationes
905 2690 924 2718 ,
1010 2659 1399 2724 quamquam
1472 2636 1739 2724 prorsus
1809 2642 1981 2707 inter
2047 2664 2114 2708 se
2175 2645 2539 2710 contrariae
2606 2650 2784 2725 sunt,

466 2749 682 2808 tamen
728 2764 809 2807 ex
853 2763 983 2806 uno
1029 2743 1206 2807 fonte
1268 2742 1542 2807 haustae
1587 2762 1724 2806 esse
1782 2743 1940 2808 mihi
1993 2745 2293 2812 videntur
2315 2797 2331 2826 ‚
2406 2767 2558 2811 nam
2609 2768 2784 2830 quae

468 2845 791 2911 Diodorus
815 2895 830 2923 ,
894 2844 1190 2911 Valerius
1234 2843 1556 2910 Maximus
1601 2846 1799 2909 ceteri
1840 2846 2165 2927 referunt,
2227 2854 2401 2914 certe
2444 2869 2481 2913 e
2522 2849 2786 2916 Philino

466 2948 807 3031 desumpta
852 2967 980 3011 non
1027 2952 1212 3023 sunt,
1287 2947 1399 3029 qui
1456 2968 1497 3013 a
1541 2947 1903 3013 Poenorum
1963 2956 2149 3034 parte
2206 2954 2387 3016 stetit
2411 2971 2458 3030 ‚⁴
2500 2959 2567 3016 et
2609 2972 2784 3036 quae

467 3050 768 3133 Polybius
811 3054 876 3114 et
901 3047 1164 3113 Orosius
1209 3050 1555 3114 memoriae
1601 3049 2033 3131 mandarunt,
2078 3073 2114 3116 e
2144 3051 2401 3118 Philino
2449 3075 2577 3118 non
2625 3060 2785 3120 sunt.

465 3154 732 3229 hausta,
803 3171 947 3216 cum
994 3149 1248 3226 Livius,
1322 3149 1530 3216 Orosii
1595 3159 1849 3240 auctor,
1920 3174 2252 3238 nunquam
2296 3155 2625 3220 Philinum
2682 3157 2786 3222 in-

465 3255 797 3341 spexerit3
885 3253 1106 3336 itaque
1175 3250 1398 3316 ambas
1464 3253 1869 3319 narrationes
1934 3255 2172 3321 Fabius
2234 3249 2533 3337 rettu‘lim
2609 3279 2784 3341 quae

464 3377 609 3422 mea
653 3355 976 3420 sententia
1019 3353 1266 3437 Polybii
1306 3355 1518 3420 verbis
1564 3355 2014 3438 confirmatur,
2064 3359 2177 3443 qui
2219 3366 2563 3443 postquam
2612 3361 2786 3428 dixit

465 3457 914 3541 Xanthippum
955 3456 1025 3520 in
1071 3456 1405 3520 Graeciam
1450 3456 1726 3521 rediisse
1762 3458 1986 3525 addit:
2062 3459 2320 3546 λέγεται
2363 3460 2437 3527 δὲ
2479 3458 2592 3526 καὶ
2634 3457 2784 3529 ἕτε-

465 3582 580 3646 ρος
634 3553 807 3644 ὑπὲρ
858 3561 976 3645 τῆς
1029 3552 1416 3644 ἀπαλλαγῆς
1465 3561 1587 3645 τῆς
1627 3554 2043 3629 Ξανθίππου
2086 3559 2298 3648 λόγος,
2346 3554 2420 3629 ὃν
2456 3562 2785 3650 πειρασό-

465 3665 652 3746 μεθα
695 3660 1045 3748 διασαφεῖν
1087 3655 1475 3745 οἰκειότερον
1519 3656 1834 3745 λαβόντες
1874 3669 1993 3730 τοῦ
2037 3663 2365 3750 παρόντος
2404 3666 2633 3753 καιρόν
2668 3672 2784 3756 1Ἰ),

464 3767 541 3832 In
590 3763 833 3847 Polybii
878 3763 1171 3848 reliquiis
1213 3763 1471 3846 quidem
1515 3765 1678 3828 nihil
1725 3764 1805 3829 de
1850 3787 1929 3831 ea
1974 3788 2043 3832 re
2086 3768 2432 3835 invenitur.
2482 3808 2567 3820 -

612 4036 661 4103 ι)
734 4034 779 4096 1,
822 4036 909 4089 32.
1075 4031 1122 4102 2)
1193 4032 1264 4100 Π,
1301 4036 1388 4089 21.
1554 4035 1599 4097 ³)
1669 4034 1763 4101 Ν,
1800 4036 1852 4089 9.
2003 4034 2050 4104 4)
2121 4034 2430 4104 Pun.v111‚
2466 4043 2517 4093 3.

610 4123 656 4185 ⁵)
709 4121 856 4187 vm,
883 4121 966 4175 13.
1111 4121 1158 4185 ⁶)
1206 4120 1363 4191 ·11,2,
1395 4121 1476 4173 11.
1619 4120 1665 4189 τ)
1723 4121 1768 4189 1,
1795 4122 1880 4191 32,
1906 4125 1958 4176 4.
2097 4122 2143 4192 8)
2201 4122 2244 4189 1,
2274 4126 2357 4177 36.
2499 4128 2545 4196 ⁹)
2608 4129 2708 4201 1v,
2736 4137 2787 4188 9,

610 4207 682 4276 ιο)
752 4207 955 4277 xxm,
996 4208 1079 4262 16.
1258 4208 1324 4273 ιι)
1394 4208 1490 4276 tx,
1518 4210 1569 4277 6,
1618 4210 1728 4262 ext.
1762 4210 1805 4261 1.
1987 4210 2055 4278 12)
2126 4208 2515 4280 Pun.v111,4,

611 4295 684 4361 1³)
751 4294 898 4363 vm,
939 4295 1022 4347 13.
1193 4294 1261 4363 14)
1332 4295 1375 4364 1,
1414 4297 1499 4373 39,
1538 4299 1590 4349 4.
