3088 5021
1469 341 1551 404 29

339 503 606 587 quidem
651 507 896 588 potest,
957 507 1177 567 utrum
1221 501 1561 582 Hannoni,
1619 523 1811 585 quem
1854 504 2207 583 Diodorus,
2267 524 2351 569 an
2400 503 2643 569 Hamil-

343 605 480 670 cari
544 626 734 688 quem
794 605 1079 671 Zonaras
1137 603 1516 688 appellavit,
1607 605 1727 669 hoc
1788 612 2175 689 strategema
2236 606 2642 670 tribuendum

343 709 463 783 sit,
539 707 648 771 sed
710 728 855 772 cum
920 705 1092 790 apud
1138 706 1516 771 Frontinum
1557 710 1605 785 1)
1666 707 1890 772 eadem
1950 729 2054 773 res
2097 713 2401 773 narretur
2444 713 2640 792 atque

342 809 653 874 Hannoni
697 810 1056 887 tribuatur,
1133 807 1417 873 Zonaras
1463 827 1712 873 errasse
1757 810 1913 874 mihi
1959 810 2230 875 videtur.
2348 809 2643 875 Frontini

346 918 564 977 autem
597 912 794 977 verba
827 909 1177 974 Dedericus
1197 912 1253 992 2)
1299 911 1502 995 magis
1549 912 1908 995 corrupisse
1953 911 2110 976 mihi
2155 912 2406 977 videtur
2450 932 2645 996 quam

343 1014 736 1079 correxisse:
794 1013 860 1077 in
905 1011 1033 1076 fine
1079 1013 1500 1091 narrationiS,
1548 1033 1743 1096 quam
1791 1013 2139 1081 Frontinus
2179 1013 2259 1078 de
2304 1013 2645 1079 Hannonis

347 1117 499 1181 dolo
545 1116 777 1194 tradit,
846 1114 1007 1178 haec
1051 1114 1390 1195 leguntur:
1472 1116 1609 1196 „Ab
1664 1135 1742 1179 ea
1785 1113 1961 1179 Galli
2005 1116 2257 1199 excepti
2303 1115 2646 1200 dupliciter

346 1218 690 1282 Hannonis
734 1217 1000 1281 consilio
1046 1215 1497 1281 satisfecerunt
1539 1222 1605 1281 et
1638 1217 1958 1281 Romanos
2002 1217 2372 1282 ceciderunt
2415 1223 2481 1282 et
2523 1218 2644 1301 ipsi

353 1322 574 1384 omnes
615 1318 939 1384 interfecti
987 1323 1198 1383 sunt.“
1270 1318 1446 1383 Haec
1488 1318 1679 1383 lectio
1708 1321 1775 1384 in
1804 1320 2097 1385 omnibus
2126 1319 2259 1384 fere
2302 1319 2483 1385 libris
2511 1340 2644 1385 ma-

350 1422 704 1504 nuscriptis
749 1422 1102 1500 invenitur,
1149 1420 1348 1486 codex
1386 1420 1712 1486 Mediceus
1742 1428 1956 1486 autem
1998 1443 2116 1505 pro
2149 1426 2255 1502 „et
2282 1421 2640 1486 Romanos“

350 1524 549 1589 verba
581 1544 699 1603 „ex
732 1510 1074 1588 Romanis“
1108 1522 1392 1607 praebet,
1437 1523 1612 1608 quod
1633 1523 1989 1588 vDedericus
2018 1523 2343 1607 probavit,
2388 1543 2532 1587 cum
2575 1524 2644 1586 in

346 1630 712 1691 ceterorum
757 1624 1069 1690 librorum
1113 1624 1383 1689 lectione
1430 1631 1534 1704 „et
1565 1625 1924 1690 Romanos“
1960 1625 2335 1691 vocabulum
2382 1630 2639 1706 „raros“
2695 1700 2696 1709 ἵ

345 1729 615 1807 lateret,
670 1727 888 1810 itaque
933 1727 1092 1791 haec
1109 1727 1399 1792 Frontini
1443 1748 1581 1793 esse
1610 1727 1806 1792 verba
1835 1728 2127 1811 putavit:
2177 1734 2283 1808 „et
2310 1747 2389 1791 ex
2414 1727 2644 1813 Roma-

342 1831 448 1897 nis
490 1849 668 1895 raros
697 1829 1067 1893 ceciderunt
1107 1834 1175 1892 et
1216 1829 1339 1911 ipsi
1384 1849 1602 1894 omnes
1649 1830 1968 1894 interfecti
2001 1834 2208 1894 sunt.“
2279 1829 2392 1895 Sin
2423 1835 2638 1894 autem

346 1932 637 1996 Zonarae
680 1935 747 1994 et
789 1929 1085 1995 Frontini
1125 1931 1532 1997 narrationes
1578 1951 2055 2014 comparamus,
2099 1937 2315 1996 cetera
2358 1932 2453 1996 ita
2495 1952 2643 1997 con-

347 2034 637 2098 sentiunt
680 2034 896 2097 omnia
937 2035 1013 2097 ut
1057 2053 1134 2096 ex
1179 2053 1306 2097 uno
1350 2033 1525 2098 fonte
1571 2033 1805 2098 hausta
1847 2034 2185 2098 videantur
2228 2054 2388 2111 esse,
2417 2033 2504 2098 -id
2547 2038 2646 2098 est

349 2135 473 2200 Dio
498 2134 787 2214 CassiuS‚
834 2135 1124 2200 Zonarae
1168 2141 1427 2211 auctor,
1473 2157 1594 2201 sua
1636 2157 1672 2201 e
1719 2130 2032 2215 Diodor0,
2084 2136 2397 2201 Diodorus
2441 2155 2475 2200 e
2523 2135 2644 2200 Fa-

346 2238 454 2303 bio
499 2238 880 2320 desumpsit,
928 2238 1274 2301 Frontinus
1321 2238 1603 2317 Livium,
1652 2238 1867 2302 Livius
1910 2238 2181 2303 Fabium
2227 2243 2480 2303 secutus
2522 2241 2639 2302 est.

349 2341 530 2419 Quae
574 2360 716 2407 cum
763 2340 858 2403 ita
903 2339 1070 2417 sint,
1147 2339 1438 2404 Dederici
1480 2340 1852 2405 coniectura
1910 2362 2174 2424 prorsus
2216 2339 2644 2424 improbanda

349 2448 483 2520 est,
558 2441 793 2507 codicis
838 2440 1105 2506 Medicei
1166 2440 1354 2507 lectio
1412 2442 1684 2507 fortasse
1746 2463 1826 2508 ex
1886 2444 2131 2524 altera,
2206 2463 2397 2528 quam
2442 2443 2640 2525 ceteri

349 2546 598 2611 codices
656 2553 829 2609 recte
887 2544 1298 2610 tradiderunt
1319 2595 1334 2623 ,
1403 2551 1549 2609 orta
1592 2550 1692 2610 est
1716 2594 1731 2621 ,
1787 2567 1932 2611 cum
1976 2546 2305 2627 librarius,
2368 2546 2481 2629 qui
2523 2566 2640 2629 pro

347 2647 578 2730 copula
621 2653 760 2728 „et“
807 2647 1348 2730 praepositionem
1399 2652 1556 2728 „ex“
1606 2647 1779 2730 legit,
1828 2648 2121 2712 doctrina
2152 2648 2319 2713 male
2349 2647 2642 2713 adhibita

347 2749 621 2813 formam
674 2748 1079 2829 „Romanos“x
1122 2750 1189 2813 in
1239 2748 1625 2829 „Romanis“
1673 2750 2036 2833 mutaverit.

526 2853 705 2915 Anno
772 2871 829 2915 a.
890 2873 952 2916 u.
1013 2873 1065 2916 c.
1114 2850 1577 2929 CCCGXGIII,
1664 2856 1827 2917 teste
1893 2850 2156 2935 Polybio
2185 2853 2277 2930 3),
2372 2851 2642 2917 Romani

349 2952 619 3017 classem
649 2952 698 3016 C
731 2953 1283 3037 quinqueremium
1326 2957 1392 3018 et
1435 2953 1558 3017 XX
1600 2953 1959 3018 triremium
2002 2954 2121 3019 sibi
2168 2959 2640 3037 compararunt,

349 3055 536 3139 eique
595 3055 914 3120 consulem
966 3056 1035 3120 C.
1084 3055 1403 3119 Duellium
1465 3054 1928 3139 praefecerunt.
2061 3055 2360 3138 Polybius
2416 3054 2518 3119 his
2574 3056 2641 3120 in

349 3157 541 3223 rebus
607 3156 985 3221 enarrandis
1041 3158 1311 3223 Fabium
1377 3166 1650 3226 secutus„
1691 3157 1944 3222 videtur
2004 3178 2176 3237 esse,
2250 3178 2395 3223 cum
2451 3158 2644 3222 nimis

349 3260 629 3324 celebret
672 3259 1107 3323 Romanorum
1152 3259 1522 3337 audaciam,
1572 3258 1684 3342 qui
1726 3265 1862 3323 tum
1907 3260 2183 3343 primum
2230 3280 2425 3324 naves
2469 3259 2643 3325 aedi-

349 3361 545 3425 ficare
602 3360 996 3444 inceperunt.
1116 3360 1257 3438 Qua
1300 3359 1378 3423 de
1423 3380 1491 3423 re
1547 3360 1677 3424 iam
1722 3361 1923 3426 multa
1967 3382 2008 3426 a
2051 3361 2272 3426 multis
2314 3362 2644 3446 disputata

350 3468 503 3527 sunt
524 3511 540 3540 ,
613 3462 706 3526 ita
765 3468 839 3526 ut
893 3462 1142 3545 Polybii
1202 3462 1565 3545 opinionem
1620 3462 1910 3529 refellere
1970 3465 2284 3530 omittam.
2373 3462 2645 3529 Constat

351 3565 673 3631 Romanos
715 3564 845 3628 iam
888 3570 1039 3629 ante
1084 3565 1323 3630 bellum
1354 3565 1664 3630 Punicum
1708 3566 1985 3649 primum
2034 3567 2302 3631 classem
2348 3565 2643 3631 habuisse

353 3666 557 3731 multo
615 3666 872 3749 quidem
931 3665 1300 3731 inferiorem
1347 3666 1593 3732 Punica
1647 3668 1851 3733 classe
1878 3718 1893 3748 ,
1968 3674 2185 3733 tamen
2228 3688 2448 3732 omnes
2492 3670 2644 3733 scri-

352 3775 569 3854 ptores
614 3769 779 3833 hanc
826 3768 1124 3848 classem,
1199 3788 1365 3853 quae
1386 3790 1580 3863 “anno
1626 3789 1680 3833 a
1728 3791 1789 3833 u.
1836 3790 1887 3834 c.
1935 3768 2367 3834 CCCCXCIII
2423 3769 2643 3835 aedifi-

351 3876 501 3936 cata
542 3878 671 3952 est,
727 3878 1058 3956 tamquam
1102 3872 1484 3935 miraculum
1530 3870 2036 3937 celebraverunt.
2125 3870 2353 3940 Florus
2385 3875 2472 3953 4),
2516 3871 2643 3936 Pli-

352 3975 499 4039 nius
530 3976 622 4055 5),
687 3972 950 4038 Orosius
981 3975 1041 4054 6)
1087 3973 1336 4038 Livium
1382 3972 1684 4038 videntur
1739 3994 1877 4040 esse
1933 3973 2166 4052 secuti,
2239 3994 2381 4038 cum
2428 3994 2645 4039 omnes

496 4132 538 4201 ι)
607 4130 718 4198 ΙΙΙ,
757 4133 851 4197 16,
892 4133 940 4185 3.
1117 4130 1162 4199 2)
1236 4129 1334 4185 cfr.
1368 4127 1607 4199 praefat.
1645 4129 1903 4185 Dederici
1939 4131 2008 4184 ad
2046 4130 2130 4185 ed.
2179 4147 2232 4199 p.
2271 4130 2417 4186 XIV.

488 4218 538 4287 3)
610 4219 664 4286 Ι,
698 4220 787 4273 20.
969 4218 1011 4286 ⁴)
1082 4234 1136 4286 p.
1174 4219 1257 4273 29.
1316 4217 1402 4273 ed.
1434 4215 1596 4272 Jahn>
1777 4217 1823 4284 5)
1896 4220 2008 4270 nat.
2045 4216 2173 4271 hist.
2224 4216 2380 4286 XIII,
2419 4218 2504 4271 39.

494 4306 536 4374 ⁶)
610 4306 702 4374 IV,
739 4310 786 4358 7.
