3088 5021
1498 336 1576 399 13

378 496 705 578 cabimus3
816 496 1141 563 Pluessius
1198 500 1253 581 1)
1307 502 1481 563 certe
1542 498 1820 578 erravit,
1892 520 2038 564 cum
2096 492 2276 564 dicat
2330 496 2583 564 Livium
2639 517 2675 562 e

381 600 599 665 Caelio
648 599 983 685 Antipatro
1038 599 1193 665 belli
1240 599 1465 665 Punici
1507 600 1700 685 primi
1742 600 2183 666 narrationem
2230 599 2676 685 desumpsisse,

382 702 723 767 Meltzerus
756 704 808 782 2)
869 704 1038 767 enim
1096 708 1268 768 recte
1313 701 1743 768 demostrasse
1788 704 1946 769 mihi
1992 704 2249 769 videtur
2272 754 2287 781 ,
2366 725 2407 769 a
2450 702 2669 768 Caelio

380 806 725 889 Antipatro
786 805 948 870 nihil
1006 807 1131 869 nisi
1188 805 1428 870 bellum
1487 805 1798 871 Punicum
1860 807 2213 872 secundum
2271 826 2408 872 esse
2453 825 2676 870 narra-

380 910 541 972 tum.

553 1008 708 1073 Inde
765 1028 806 1072 a
851 1007 1015 1072 Livii
1072 1013 1359 1105 tempore
1411 1030 1528 1094 per
1572 1010 1902 1095 complura
1947 1008 2204 1076 saecula
2257 1009 2393 1075 fere
2437 1029 2675 1091 omnes,

383 1110 494 1197 qui
536 1111 615 1175 de
657 1111 851 1175 rebus
892 1110 1199 1175 Romanis
1242 1113 1668 1196 scripserunt,
1745 1114 1932 1177 unius
1975 1111 2140 1176 Livii
2186 1112 2457 1197 vestigia
2499 1131 2673 1196 pres-

381 1217 636 1292 serunt3
689 1211 992 1284 Valerius
1050 1212 1369 1279 Maximus
1430 1236 1727 1299 quoque,
1772 1234 2164 1298 quamquam
2227 1236 2356 1281 uno
2421 1219 2677 1280 tantum

380 1314 519 1382 loco
582 1337 648 1379 se
692 1314 946 1380 Livium
1010 1323 1236 1380 auct01
1238 1337 1338 1381 em
1403 1322 1691 1383 secutum
1759 1338 1897 1382 esse
1956 1317 2121 1383 dixit
2150 1320 2238 1399 3),
2311 1317 2679 1434 ‘permultas

382 1419 787 1483 narrationes
863 1439 941 1482 ex
1014 1438 1088 1482 eo
1157 1419 1372 1483 hausit
1414 1421 1518 1501 ⁴);
1607 1419 1717 1483 sed
1776 1440 1921 1483 cum
1983 1419 2145 1483 nihil
2204 1419 2326 1484 nisi
2386 1420 2681 1505 exempla

384 1519 715 1601 vitiorum,
774 1519 1118 1600 virtutum,
1175 1542 1457 1600 morum,
1517 1523 1965 1586 institutorum
2010 1542 2089 1586 ex
2131 1521 2404 1587 historia
2448 1521 2678 1589 Roma·

383 1642 611 1689 norum
678 1627 1170 1706 exterarumque
1231 1626 1517 1706 gentium
1579 1624 1877 1708 colligere
1938 1624 2163 1704 vellet,
2253 1622 2506 1708 singula
2565 1628 2680 1689 aut

383 1723 559 1790 dicta
615 1729 730 1789 aut
789 1723 997 1803 facta,
1073 1744 1237 1808 quae
1293 1725 2137 1810 illustrissima‘aucupatus
2181 1732 2311 1802 est,
2385 1746 2420 1790 e
2464 1726 2678 1791 media

385 1848 595 1891 rerum
664 1828 1034 1891 narratione
1080 1828 1435 1912 desumpsit
1494 1833 1690 1912 atque
1753 1836 1866 1892 aut
1934 1830 2076 1913 ipsa
2140 1830 2423 1895 auctoris
2485 1826 2680 1893 verba

384 1929 683 2010 retinuit,
758 1935 874 1994 aut
928 1929 1155 1996 leviter
1197 1952 1275 1996 ea
1316 1931 1610 1996 mutavit.
1728 1930 1933 2016 Saepe
1980 1931 2237 2015 quidem
2279 1931 2347 1996 in
2393 1931 2679 2015 priorum

389 2033 773 2117 scriptorum
832 2032 1014 2096 libris
1058 2034 1472 2118 excerpendis
1531 2054 1783 2098 summa
1837 2033 2230 2118 negligentia
2284 2038 2478 2117 atque
2532 2053 2679 2117 pra-

385 2134 644 2201 vissima
707 2135 999 2200 socordia
1055 2156 1208 2200 usus
1266 2141 1395 2214 est,
1458 2135 1686 2202 ‘tamen
1733 2135 1986 2223 Valerii!
2022 2136 2286 2201 Maximi
2345 2136 2493 2201 libri
2549 2156 2674 2201 non

387 2259 650 2323 prorsus
696 2237 1102 2322 improbandi
1146 2242 1297 2302 sunt
1319 2289 1335 2320 ‚
1380 2261 1526 2304 cum
1571 2259 2035 2322 nonnunquam
2080 2241 2368 2323 priorum
2413 2237 2683 2322 scripto-

386 2361 528 2406 rum
573 2341 977 2407 narrationes
1021 2341 1393 2406 contineant
1418 2392 1434 2423 ,
1470 2361 1655 2428 ‘quae
1701 2343 1891 2407 aliter
1936 2341 2305 2426 deperditae
2349 2347 2578 2406 essent.

506 2452 513 2457 “
561 2441 948 2524 Diligentius
991 2449 1184 2529 atque
1229 2447 1596 2510 accuratius
1640 2445 1711 2510 O.
1745 2445 1988 2510 Plinius
2034 2445 2230 2510 libros
2272 2444 2353 2508 de
2396 2440 2679 2508 naturali

388 2544 658 2626 historia
702 2547 1079 2632 conscripsit
1099 2597 1115 2626 ‚
1172 2548 1634 2632 permultorum
1681 2549 2065 2633 scriptorum
2110 2568 2305 2633 opera
2347 2547 2682 2631 excerpsit,

388 2647 499 2714 sed
565 2669 710 2714 cum
775 2670 810 2714 e
854 2656 1143 2715 veterum
1198 2650 1659 2717 consuetudine
1711 2651 2025 2717 bonorum
2078 2656 2145 2716 et
2199 2650 2513 2716 malorum
2568 2668 2679 2714 au-

389 2756 634 2816 ctorum
682 2752 1088 2818 narrationes
1131 2753 1668 2819 contaminaverit
1730 2759 1926 2837 atque
1982 2754 2152 2818 inter
2210 2773 2278 2817 se
2335 2751 2682 2831 miscuerit,

388 2852 581 2917 Plinii
625 2874 876 2937 quoque
918 2852 1273 2921 auctoritas
1315 2861 1455 2921 tota
1497 2855 1738 2941 pendet
1779 2876 1859 2920 ex
1903 2855 2305 2935 auctoribus,
2348 2874 2510 2939 quos
2552 2854 2679 2920 sin-

391 2955 557 3039 gulis
596 2955 753 3021 locis
796 2963 1051 3022 secutus
1095 2964 1210 3023 est.
1319 2961 1404 3021 At
1447 2958 1622 3022 dicat
1666 2956 1939 3022 fortasse
1985 2957 2219 3041 aliquis
2263 2957 2544 3022 Plinium
2587 2956 2683 3040 ip-

392 3078 531 3124 sum
583 3058 792 3124 fontes
847 3080 994 3124 suos
1048 3066 1348 3125 accurate
1403 3061 1469 3124 in
1528 3061 1738 3144 primo
1793 3059 2101 3125 historiae
2146 3061 2462 3125 naturalis
2515 3059 2682 3125 libro

388 3159 735 3241 indicasse,
795 3161 1015 3245 itaque
1060 3162 1196 3228 eius
1240 3163 1696 3228 auctoritatem
1738 3161 2044 3228 facillime
2080 3161 2423 3227 diiudicari
2476 3183 2681 3248 posse.

372 3261 519 3327 -Sed
570 3262 653 3328 H.
712 3264 1036 3329 Brunnius
1106 3266 1346 3349 optime
1410 3266 1879 3332 demonstravit
1910 3269 1967 3345 ⁵)
2000 3313 2016 3344 ‚
2089 3265 2366 3330 Plinium
2423 3265 2545 3329 etsi
2613 3264 2681 3330 in

391 3361 757 3430 universum
802 3367 1022 3432 eodem
1070 3368 1293 3433 ordine
1318 3416 1333 3444 ‚
1401 3388 1527 3452 quo
1571 3368 1640 3433 in
1686 3366 2138 3453 componendis
2181 3366 2363 3432 libris
2404 3387 2557 3431 usus
2600 3367 2685 3433 sit

391 3468 793 3547 auctoribus,
868 3491 976 3536 eos
1037 3472 1107 3536 in
1168 3471 1412 3536 indices
1477 3470 1832 3550 rettulerit,
1908 3490 2036 3535 non
2097 3489 2348 3554 semper
2402 3469 2685 3534 auctoris

390 3591 621 3638 nomen
692 3592 767 3637 eo
837 3571 977 3638 loco
1050 3574 1178 3638 iam
1250 3574 1542 3639 attulisse
1560 3622 1578 3654 ,
1667 3594 1792 3658 quo
1865 3573 2237 3658 scriptorem
2309 3572 2681 3657 inspexerit.

536 3751 578 3842 ¹)
647 3773 717 3827 de
748 3772 952 3828 Cinciis
984 3789 1171 3827 rerum
1203 3773 1578 3828 Romanorum
1613 3773 1987 3842 scriptoribus.
2027 3774 2180 3828 1865.
2231 3791 2287 3842 p.
2313 3777 2401 3831 48.

531 3860 576 3930 2)
649 3860 721 3915 de
755 3860 938 3916 Coelio
971 3862 1271 3932 Antipatro
1304 3863 1440 3917 belli
1472 3860 1671 3916 Punici
1704 3861 1930 3916 secundi
1962 3860 2251 3930 scriptore.
2292 3863 2445 3918 1867.
2482 3881 2534 3933 p.
2565 3866 2647 3927 12.

528 3947 555 3991 3
788 3989 801 4003 .
875 3989 887 4001 .

529 3946 575 4105 «ἒξ
646 3948 746 4091 ‹IJi'n
752 3951 1021 4106 chmpfii
1056 4036 1227 4107 praef.
1267 4038 1329 4091 in
1381 4037 1468 4091 ed.
1503 4054 1603 4092 sua
1659 4054 1712 4105 p.
1749 4036 1852 4092 XV
1910 4039 1967 4089 et
2014 4035 2081 4091 U.
2118 4036 2382 4091 Koehleri
2434 4038 2684 4093 libellum

393 4123 463 4177 de
495 4123 712 4177 ratione
745 4141 856 4193 qua
890 4124 952 4179 T.
988 4124 1133 4180 Livii
1168 4125 1456 4180 annalibus
1493 4124 1582 4179 usi
1617 4126 1728 4178 sint
1763 4123 2016 4179 historici
2050 4123 2248 4180 Graeci
2282 4127 2451 4195 atque
2480 4126 2684 4181 Latini.

395 4211 421 4262 1

427 4201 1039 4365 8605)P(1}8{uot0mm
1072 4299 1352 4356 indicibus
1384 4298 1652 4355 Plinianis
1686 4263 1953 4369 disputat.
1988 4299 2257 4370 isagogic.
2299 4300 2454 4353 1856.
