3088 5021
1585 389 1667 451 52

480 563 712 649 dagari
757 563 1073 645 nequeat,
1137 556 1267 622 nisi
1308 554 1474 620 forte
1515 551 1585 617 id
1628 546 1800 634 quod
1845 544 2070 611 Cicero
2107 541 2159 619 ι)
2205 540 2273 602 et
2315 526 2638 600 Valerius
2687 517 2845 585 Ma-

479 669 697 732 ximus
729 667 788 746 2)
855 662 936 727 de
981 661 1055 725 L.
1105 660 1293 724 Iunio
1350 655 1610 732 dicunt,
1685 670 1829 715 eum
1887 649 2034 732 post
2090 639 2340 706 cladem
2405 631 2532 697 sibi
2602 627 2845 710 ipsum

482 774 759 835 mortem
804 762 1205 838 conscivisse,
1249 780 1368 824 nos
1410 764 1783 830 commovet,
1826 756 1901 814 ut
1942 744 2273 813 Valerium
2320 735 2680 802 Antiatem
2735 722 2849 789 Ci-

484 870 739 954 ceronis
783 872 850 932 et
891 864 1055 930 Livii
1100 845 1430 926 auctorem
1474 857 1670 922 fuisse
1715 859 2047 938 putemne,
2106 865 2253 911 cum
2299 835 2622 920 Polybius
2666 832 2728 908 3)
2779 828 2851 888 et

487 971 815 1037 Diodorus
846 970 906 1049 4)
964 964 1265 1041 tradant,
1339 961 1409 1026 L.
1458 959 1713 1024 Iunium
1766 975 1910 1020 cum
1955 948 2270 1015 militibus
2295 993 2310 1021 ,
2386 939 2505 1023 qui
2563 956 2607 1000 e
2672 949 2849 996 nau·

487 1073 703 1157 fragio
733 1068 971 1134 servati
1015 1069 1250 1142 essent,
1299 1061 1675 1146 Lilybaeum
1717 1056 2074 1142 profectum
2107 1069 2247 1114 esse
2291 1048 2496 1126 atque
2530 1037 2854 1102 montem

488 1182 560 1242 et
626 1174 850 1238 urbem
904 1169 1178 1252 Erycem
1232 1164 1375 1229 dolo
1443 1162 1704 1246 cepisse.
1836 1154 2139 1239 Polybius
2197 1147 2461 1233 quidem
2531 1140 2675 1203 has
2739 1150 2854 1197 res

490 1276 781 1343 breviter
838 1276 1097 1336 tantum
1140 1267 1433 1332 narravit
1455 1315 1471 1341 ,
1546 1261 1657 1326 sed
1701 1279 1847 1324 cum
1890 1259 2029 1323 eius
2068 1249 2362 1319 narratio
2408 1264 2542 1309 non
2594 1232 2858 1321 repug-

493 1388 611 1445 net
656 1377 749 1455 ei,
823 1360 1018 1457 quam
1067 1356 1384 1434 Diodorus
1438 1367 1741 1431 accurate
1800 1358 2101 1433 tradidit,
2173 1352 2298 1417 hoc
2355 1362 2631 1432 quoque
2701 1337 2854 1401 loco

495 1480 695 1547 ambo
758 1474 1102 1559 scriptores
1158 1469 1486 1535 Philinum
1552 1464 1755 1529 secuti
1819 1482 1954 1526 esse
2007 1458 2329 1523 videntur.
2466 1443 2859 1510 Diodorum

497 1584 629 1648 Dio
679 1579 938 1644 Cassius
985 1570 1313 1667 adhibpit,
1358 1590 1502 1634 cum
1548 1567 1832 1632 Zonaras
1854 1566 1910 1640 ⁵)
1957 1577 2220 1645 prorsus
2265 1546 2653 1620 consentiat
2701 1559 2860 1607 cum

499 1679 794 1751 Diodoro
840 1679 920 1743 de
966 1675 1188 1757 Eryc'is
1235 1677 1301 1736 et
1346 1668 1692 1751 Aegithalli
1737 1663 2175 1747 occupatione.

683 1783 862 1846 Haec
905 1774 1163 1862 quoque
1209 1772 1565 1857 expeditio,
1610 1789 1799 1852 quam
1835 1767 1905 1831 L.
1940 1764 2185 1839 Iunius,
2236 1755 2507 1841 Polybio
2549 1755 2743 1818 teste
2778 1749 2861 1824 6),

503 1887 921 1968 susceperat,
966 1883 1041 1941 ut
1084 1877 1324 1941 damna
1367 1872 1532 1936 mari
1578 1873 1841 1953 accepta
1884 1865 2249 1939 resarciret,
2295 1861 2354 1925 ei
2402 1876 2656 1942 parum
2707 1869 2866 1936 pro·-

504 1987 754 2065 cessit3
829 1983 1116 2047 Zonaras
1149 1979 1206 2058 ⁷)
1255 1974 1427 2039 enim
1466 1972 1697 2051 refert,
1765 1971 1835 2035 L.
1882 1968 2141 2033 Iunium
2187 1959 2545 2047 Aegithalli
2595 1976 2648 2020 a
2700 1952 2865 2019 Car-

503 2088 786 2157 thalone
829 2103 967 2148 esse
1012 2084 1304 2162 captum,
1349 2095 1513 2158 quae
1558 2073 1845 2136 narratio
1889 2070 2165 2136 fortasse
2207 2086 2248 2129 a
2293 2062 2557 2128 Philino
2604 2050 2865 2123 memo-

505 2195 654 2260 riae
702 2186 947 2253 tradita
991 2186 1118 2257 est,
1164 2198 1310 2243 cum
1353 2175 1524 2258 apud
1573 2174 1893 2238 Romanos
1936 2176 2011 2237 ut
2053 2187 2254 2254 supra
2298 2164 2473 2242 dixi,
2537 2161 2735 2224 fama
2782 2153 2863 2216 de

510 2292 695 2362 Iunii
739 2294 946 2353 morte
993 2279 1361 2346 voluntaria
1404 2275 1940 2340 circumferretur.
2042 2298 2051 2304 ·

701 2391 773 2456 P.
821 2383 1132 2452 Claudius
1177 2377 1399 2445 consul
1443 2396 1484 2439 a
1527 2376 1850 2439 Romanis
1878 2372 2350 2457 condemnatus
2394 2370 2529 2445 est,
2609 2367 2701 2428 ut
2744 2359 2867 2423 Po-

512 2495 739 2583 lybius
770 2492 828 2567 8)
873 2492 940 2553 et
985 2484 1208 2549 Cicero
1239 2484 1298 2557 ⁹)
1342 2483 1697 2557 testantur3
1769 2475 2065 2541 Valerius
2111 2465 2477 2547 Maximus,
2540 2463 2668 2550 qui
2712 2462 2868 2527 duo·

516 2599 645 2665 bus
706 2590 864 2657 locis
922 2586 1047 2650 hac
1090 2584 1168 2649 de
1215 2602 1286 2647 re
1329 2579 1711 2663 disputavit,
1791 2577 1911 2642 sibi
1969 2578 2103 2660 ipse
2159 2590 2531 2657 repugnare
2576 2566 2870 2640 videtur,

518 2701 742 2767 altero
780 2696 863 2763 1⁰)
912 2687 1083 2753 enim
1128 2683 1305 2774 loce,
1372 2702 1497 2765 quo
1539 2682 1679 2764 ipsa
1722 2679 1964 2744 Valerii
2013 2675 2281 2741 Maximi
2325 2673 2530 2737 verba
2577 2691 2736 2738 non.
2765 2686 2873 2731 ex-

521 2801 732 2871 stant,
780 2813 816 2856 e
835 2786 1181 2872 Nepotiani
1209 2785 1488 2868 epitoma
1518 2783 1767 2846 elucere
1797 2779 2079 2859 videtur,
2126 2776 2482 2843 Claudium
2512 2793 2667 2839 esse
2692 2772 2874 2835 dam-

523 2906 767 2969 natum
798 2942 814 2971 ‚
904 2890 1110 2956 altero
1148 2889 1230 2965 11)
1277 2883 1570 2950 Valerius
1614 2883 1749 2965 ipse
1795 2880 2074 2945 affirmat
2116 2878 2334 2943 subito
2382 2881 2615 2941 coorto
2666 2870 2874 2938 imbre

529 2995 894 3086 Claudium
940 2995 1155 3055 tutum
1201 2985 1394 3048 fuisse
1438 3003 1478 3047 a
1521 2984 1971 3074 damnatione3
2039 3003 2073 3046 e
2118 2980 2383 3046 scholiis
2429 2986 2666 3043 autem
2714 2970 2879 3038 Bob-

528 3094 993 3173 biensibus12)
1054 3091 1341 3164 constat,
1415 3084 1752 3149 Claudium
1794 3084 2019 3168 'prima
2077 3082 2341 3166 quidem
2401 3080 2511 3145 die
2569 3072 2876 3163 prodigio

533 3224 679 3273 esse
728 3194 1126 3266 absolutum,
1172 3185 1303 3249 alia
1345 3190 1560 3249 autem
1604 3186 1706 3250 die
1751 3186 2005 3249 actione
2036 3189 2305 3249 «mutata
2350 3203 2393 3247 a
2436 3180 2698 3266 populo
2742 3192 2878 3241 esse

537 3303 962 3374 damnatum;
1035 3309 1167 3373 qua
1220 3307 1289 3350 re
1348 3294 1650 3370 apparet,
1724 3308 1765 3350 a
1810 3285 2067 3350 Valerio
2110 3285 2402 3349 Maximo
2449 3284 2672 3347 altero
2718 3280 2876 3353 loco,

540 3424 673 3491 quo
720 3392 1087 3477 exemplum
1142 3388 1372 3453 afferre
1414 3388 1653 3466 voluit,
1731 3386 1961 3470 quibus
2020 3386 2100 3451 de
2156 3384 2373 3451 causis
2434 3384 2733 3449 infames
2787 3375 2880 3443 rei

544 3497 839 3573 absoluti
879 3496 1044 3569 sint,
1118 3490 1396 3574 primum
1438 3493 1690 3552 tantum
1733 3487 2039 3551 iudicium
2083 3508 2221 3551 esse
2266 3467 2880 3557 commemoratum,

547 3608 798 3675 altere,
858 3614 984 3678 quo
1028 3593 1095 3656 in
1140 3591 1507 3654 universum
1550 3587 1628 3650 de
1674 3588 1973 3671 auspiciis
2016 3587 2409 3671 disputavit,
2470 3594 2694 3654 totam
2739 3602 2886 3651 nar.

551 3706 875 3775 rationem
892 3744 908 3776 ,
964 3713 1161 3778 quam
1205 3710 1240 3755 e
1285 3689 1462 3754 Livio
1505 3688 1723 3752 hausit
1742 3737 1761 3767 ‚
1826 3690 2132 3755 traditam
2178 3710 2342 3755 esse,-

700 3903 746 3970 1)
820 3900 860 3952 l.
893 3898 932 3949 l.
1109 3890 1156 3952 2)
1230 3891 1294 3958 Ι,
1331 3890 1415 3943 43.
1474 3888 1596 3956 ipsa
1632 3887 1853 3955 quidem
1885 3887 1954 3944 V.
1988 3887 2067 3941 M.
2103 3888 2279 3942 verba
2316 3905 2434 3943 non
2473 3891 2712 3944 servata
2746 3885 2885 3950 sunt,

563 3993 663 4048 sed
704 4006 774 4042 ex
809 3981 1091 4053 epitomis,
1151 3993 1288 4046 quas
1321 3976 1475 4029 Paris
1510 3976 1568 4027 et
1597 3972 1935 4042 Nepotianus
1984 3974 2471 4045 conscripserunt,
2539 3976 2613 4033 V,
2652 3976 2735 4032 Μ,
2769 3986 2887 4028 nar-

564 4078 714 4133 ratio
753 4070 889 4126 satis
926 4064 1185 4137 cognosci
1217 4065 1418 4132 potest.
1596 4058 1642 4123 3)
1711 4060 1761 4127 I,
1801 4061 1887 4113 53,
2079 4061 2123 4128 ι)
2210 4061 2423 4131 XXIV’
2467 4066 2497 4116 1
2515 4104 2529 4133 ’
2570 4067 2629 4120 9·

708 4160 754 4225 5)
826 4155 990 4223 VIII,
1032 4153 1113 4206 15.
1291 4149 1334 4217 6)
1407 4148 1461 4215 I,
1498 4146 1583 4200 55.
1758 4144 1805 4212 7)
1878 4145 2033 4214 VIII²
2073 4147 2157 4200 15·
2337 4148 2389 4217 3)
2467 4150 2525 4218 I,
2569 4152 2666 4206 53·

713 4244 759 4313 9)
832 4241 901 4295 de
934 4244 1048 4294 nal>-
1085 4239 1237 4293 deor·
1273 4236 1355 4303 II,
1393 4239 1454 4302 3,
1491 4235 1543 4286 8.
1616 4230 1685 4284 (18
1719 4230 1887 4285 divin.
1921 4232 2001 4301 II,
2041 4234 2141 4302 33,
2180 4235 2268 4287 71,
2460 4236 2536 4303 10)
2602 4238 2667 4307 I,
2707 4238 2772 4306 4,
2807 4235 2856 4288 3.

717 4330 787 4398 ιι)
858 4326 1015 4396 VIII,
1057 4329 1119 4396 1,
1160 4325 1212 4377 4.
1389 4319 1459 4389 1²)
1529 4316 1678 4387 apud
1712 4315 1975 4372 Orellium
2025 4336 2082 4388 p.
2121 4320 2245 4374 337.
2291 4374 2302 4378 ,
