3088 5021
1505 311 1585 375 16

391 493 612 541 omnes
668 473 957 541 homines
1014 474 1190 541 docti
1250 473 1691 554 consentiunt,
1763 472 1961 539 libros
2013 473 2182 553 eius,
2217 536 2221 545 ,
2252 492 2416 557 quos
2441 478 2693 540 noctes

393 577 640 642 Atticas
695 576 1080 655 nominavit,
1152 575 1338 641 nobis
1396 575 1659 661 plurimi
1722 595 1860 640 esse
1916 575 2367 641 aestimandos.
2494 575 2690 641 Nullo

391 679 649 763 quidem
702 677 996 757 adhibito
1057 677 1326 758 iudicio,
1401 678 1512 744 sed
1567 698 1816 743 summa
1860 678 2196 762 diligentia
2238 700 2368 758 res,
2443 699 2608 763 quae
2653 699 2695 744 a

390 779 787 859 rhetoribus,
863 780 1328 864 grammaticis,
1397 779 1691 858 medicis,
1760 780 2082 853 historicis
2125 779 2271 846 aliis
2313 801 2692 848 commemo-

389 888 574 949 ratae
616 883 738 948 sibi
781 882 1089 949 memoria
1133 881 1367 966 dignae
1408 883 1584 949 visae
1628 887 1808 962 sunt,
1887 882 2257 949 indistincte
2302 889 2499 967 atque
2542 890 2691 967 pro*

391 986 631 1050 miscuo
689 977 1044 1070 composuit
1080 990 1152 1061 1).
1271 988 1579 1051 Auctores
1635 983 1872 1050 multos
1925 984 2223 1050 adhibuit
2245 1035 2259 1060 ,
2334 1005 2524 1070 saepe
2581 1004 2692 1051 eos
2743 1014 2750 1017 ·

391 1087 743 1173 appellavit
761 1137 777 1168 ,
844 1086 1153 1152 librorum
1202 1087 1425 1154 titulos
1467 1088 1833 1168 adnotavit3
1899 1107 2091 1173 saepe
2133 1087 2415 1179 auctoris
2456 1107 2690 1152 nomen

392 1190 632 1259 addere
683 1190 1070 1275 supersedit,
1143 1210 1605 1273 nonnunquam
1662 1189 1873 1256 fontes
1930 1210 1998 1255 se
2023 1188 2027 1194 ’
2057 1189 2289 1256 adiisse
2345 1189 2691 1270 simulavit,

335 1286 379 1351 ιζ
393 1314 553 1377 quos
596 1313 676 1356 ex
721 1292 996 1357 aliorum
1040 1293 1423 1376 scriptorum
1468 1291 1649 1357 libris
1691 1291 2005 1376 cognovit.
2104 1293 2180 1357 In
2225 1292 2685 1358 transscriben-

392 1395 492 1460 dis
533 1401 749 1460 autem
793 1395 1178 1480 scriptorum
1222 1395 1729 1474 narrationibus,
1789 1414 1949 1478 quas
1993 1414 2183 1478 saepe
2227 1398 2513 1479 integras
2558 1417 2687 1461 ser-

392 1498 594 1575 vavit,
647 1498 716 1561 in
762 1497 1130 1562 universum
1171 1502 1477 1564 accurate
1521 1502 1718 1580 atque
1762 1496 2102 1580 diligenter
2143 1503 2433 1599 versatus
2475 1504 2575 1564 est
2606 1501 2686 1584 2).

563 1598 651 1667 M.
694 1598 1022 1665 Antonine
1063 1599 1136 1664 L.
1184 1600 1350 1667 Vero
1404 1599 1870 1685 imperantibus
1925 1600 2166 1666 Romae
2224 1599 2386 1666 vixit
2425 1600 2688 1685 Polyae-

392 1723 546 1782 nus,
609 1703 872 1768 natione
931 1701 1229 1782 Macedo,
1292 1703 1403 1786 qui
1463 1723 1607 1766 cum
1664 1701 1833 1767 bello
1878 1702 2181 1768 Parthico
2236 1703 2689 1771 exardescente

391 1808 609 1895 aetate
671 1807 1006 1889 provectus
1070 1805 1208 1889 ipse
1263 1804 1529 1871 militiae
1590 1804 1842 1870 labores
1900 1804 2217 1871 sustinere
2268 1826 2398 1872 non
2456 1812 2687 1891 posset,

394 1927 610 1975 rerum
675 1905 1100 1990 gerendarum
1161 1905 1585 1992 peritissimus
1631 1906 2145 1990 strategicorum‚
2191 1907 2301 1990 qui
2359 1907 2680 1988 dicuntur,

393 2011 593 2076 libros
635 2010 1009 2093 conscripsit
1072 2031 1222 2077 non¹
1247 2010 1384 2074 sine
1428 2009 1749 2074 industria
1790 2028 1870 2073 ex
1914 2009 2261 2074 multorum
2304 2010 2686 2093 scriptorum

393 2112 689 2198 operibus
719 2111 1121 2196 compositos.
1210 2111 1287 2178 In
1332 2110 1806 2179 conscribendis
1849 2111 2042 2176 rebus
2087 2113 2244 2176 satis
2287 2111 2687 2195 negligenter

394 2220 684 2281 versatus
725 2218 860 2280 est:
933 2234 1396 2298 nonnunquam
1455 2235 1561 2279 res
1616 2233 1782 2297 quae
1835 2233 1964 2278 uno
2017 2212 2187 2285 bello
2242 2220 2394 2279 sunt
2452 2222 2690 2299 gestae,

392 2337 509 2402 per
574 2316 932 2402 complures
992 2316 1191 2382 libros
1251 2315 1543 2398 disjecit,
1637 2321 1972 2381 auctorum
2035 2316 2439 2382 narrationes
2501 2317 2694 2384 modo

393 2417 843 2498 circumcidit,
908 2418 1099 2483 modo
1144 2418 1481 2502 ampliavit
1504 2467 1522 2498 ,
1594 2417 1805 2483 multa
1847 2422 2308 2500 strategemata
2348 2419 2448 2485 bis
2487 2426 2555 2484 et
2597 2419 2694 2486 di·
2813 2410 2822 2419 ⁸

394 2542 579 2587 verso
622 2521 809 2586 modo
854 2541 888 2585 e
933 2522 1201 2587 diversis
1258 2520 1680 2607 scriptoribus
1723 2521 2064 2605 desumpta
2125 2522 2379 2588 rettulit
2397 2572 2417 2603 ‚
2488 2542 2594 2588 res
2650 2544 2693 2589 a

394 2622 828 2708 compluribus
870 2622 1137 2690 ducibus
1186 2630 1403 2709 gestas
1443 2624 1558 2689 uni
1601 2623 1829 2690 tribuit
1858 2625 1937 2705 3).
2068 2623 2395 2690 Historiae
2461 2626 2693 2691 Roma·

394 2746 516 2793 nae
575 2746 807 2810 parum
860 2726 1147 2792 curiosus
1203 2726 1401 2793 fuisse
1444 2726 1732 2803 videtur,
1807 2747 1951 2791 cum
1996 2727 2213 2791 omnia
2254 2727 2691 2793 Romanorum

394 2832 853 2912 strategemata
892 2849 1022 2893 uno
1051 2828 1614 2913 libro‘complexus
1657 2829 1759 2893 sit.
1849 2828 2271 2894 Narrationes
2313 2829 2692 2913 plerumque

394 2952 432 2997 e
474 2930 738 2996 Graecis
780 2931 1150 2997 auctoribus
1194 2932 1480 2997 hausisse
1509 2931 1784 3009 videtur,
1827 2952 1978 2996 nam
2009 2932 2177 3015 quod
2199 2929 2618 2997 Woelfflinius
2633 2935 2690 3012 4)

395 3032 704 3113 affirmat,
750 3033 1130 3098 Frontinum
1174 3054 1216 3099 a
1258 3034 1580 3118 Polyaeno
1626 3054 1763 3099 esse
1807 3033 2199 3114 adhibitum,
2265 3034 2424 3098 mihi
2460 3055 2690 3118 parum

327 3142 331 3146 ’
394 3135 736 3222 probatur,
809 3156 956 3201 cum
998 3135 1346 3201 Frontinus
1390 3137 1524 3202 fere
1568 3157 1789 3202 omnes
1817 3136 1979 3201 villas
2020 3156 2155 3216 res,
2223 3157 2385 3219 quas
2428 3136 2692 3220 Polyae-

396 3258 520 3303 nus
562 3237 644 3303 ab
688 3256 763 3302 eo
806 3244 1138 3304 mutuatus
1182 3259 1319 3306 esse
1365 3239 1639 3319 dicitur,
1706 3239 1842 3324 ipse
1887 3259 1921 3303 e
1966 3238 2228 3303 Graecis
2273 3239 2694 3325 scriptoribus

395 3340 835 3424 desumpserit.
1607 3418 1620 3424 η

566 3441 851 3507 Maxima
906 3441 1077 3507 inter
1116 3443 1404 3526 homines
1448 3443 1672 3509 doctos
1715 3444 2042 3508 contentio
2086 3446 2231 3509 orta
2274 3449 2375 3509 est
2416 3444 2497 3510 de
2539 3445 2691 3512 Gas-

398 3545 478 3610 sii
535 3543 758 3609 Dionis
812 3543 1182 3610 Nicaeensis
1237 3546 1629 3612 auctoritate
1681 3550 1876 3630 atque
1935 3544 2099 3625 fide;
2175 3565 2395 3612 omnes
2437 3546 2694 3632 quidem

395 3646 756 3713 concedunt
799 3667 944 3711 eum
988 3647 1056 3711 in
1096 3648 1556 3731 posterioribus
1597 3648 1807 3734 operis
1860 3647 2154 3732 partibus
2196 3646 2406 3715 multa
2448 3669 2483 3715 e
2523 3643 2694 3716 Livii

538 3837 582 3907 1)
654 3836 753 3893 cfr.
790 3836 954 3893 Genii
990 3836 1162 3906 praef.
1198 3838 1246 3909 ξ.
1283 3842 1331 3893 2.
1367 3842 1441 3894 et.
1479 3839 1518 3893 1.
1557 3838 1755 3907 XVIII,
1798 3839 1880 3908 10,
1913 3838 1965 3891 8.

537 3925 585 3994 2)
653 3925 754 3981 cfr.
787 3924 852 3979 L.
890 3925 1164 3981 Mercklin
1198 3925 1291 3980 die
1324 3925 1728 3982 Citirmethode
1762 3926 1877 3980 und
1911 3923 2459 3995 Quellenbenutzung
2495 3926 2593 3980 des
2627 3926 2695 3980 A.

399 4013 609 4070 Gellius
649 4009 710 4067 in
756 4014 865 4068 den
910 4017 1101 4068 noctes
1146 4014 1368 4068 Atticae
1381 4054 1395 4082 ,
1453 4013 1515 4068 in
1552 4014 1833 4068 annalium
1879 4011 2071 4082 philol.
2108 4027 2143 4064 a
2180 4011 2559 4068 Fleckeisenio
2608 4014 2697 4069 ed.

398 4101 668 4172 supplem.
704 4101 802 4154 ΙΙΙ.
850 4117 904 4168 Ρ.
941 4101 1059 4156 636.
1096 4104 1217 4155 641.
1781 4107 1788 4110 “

539 4189 588 4254 3)
661 4187 760 4243 cfr.
803 4186 1110 4242 Woelfflini
1144 4187 1316 4258 praef.
1353 4188 1413 4241 in
1449 4187 1535 4243 ed·
1573 4186 1837 4256 Polyaeni
1878 4203 1931 4255 p·
1957 4185 2091 4242 VIII
2125 4202 2241 4256 seq.

540 4276 584 4345 ⁴)
653 4275 692 4329 l.
727 4276 767 4331 l.
819 4292 876 4344 Ρ.
911 4275 1058 4333 XIV.
