<?xml version="1.0" encoding="UTF-8"?>
<!DOCTYPE html PUBLIC "-//W3C//DTD XHTML 1.0 Transitional//EN"
    "http://www.w3.org/TR/xhtml1/DTD/xhtml1-transitional.dtd">
<html xmlns="http://www.w3.org/1999/xhtml" xml:lang="en" lang="en">
 <head>
  <title>
</title>
<meta http-equiv="Content-Type" content="text/html;charset=utf-8" />
  <meta name='ocr-system' content='tesseract 3.04.00' />
  <meta name='ocr-capabilities' content='ocr_page ocr_carea ocr_par ocr_line ocrx_word'/>
</head>
<body>
  <div class='ocr_page' id='page_1' title='image "./debellipunicipr00neulgoog_0054.png"; bbox 0 0 3088 5021; ppageno 0'>
   <div class='ocr_carea' id='block_1_1' title="bbox 1592 352 1697 435">
    <p class='ocr_par' dir='ltr' id='par_1_1' title="bbox 1592 352 1697 435">
     <span class='ocr_line' id='line_1_1' title="bbox 1592 352 1697 435; baseline -0.057 -17"><span class='ocrx_word' id='word_1_1' title='bbox 1592 352 1697 435; x_wconf 59' lang='lat'>‚50</span> 
     </span>
    </p>
   </div>
   <div class='ocr_carea' id='block_1_2' title="bbox 485 513 2823 3773">
    <p class='ocr_par' dir='ltr' id='par_1_2' title="bbox 485 513 2823 3773">
     <span class='ocr_line' id='line_1_2' title="bbox 496 513 2813 600; baseline 0.001 -17"><span class='ocrx_word' id='word_1_2' title='bbox 496 515 788 600; x_wconf 78' lang='lat' dir='ltr'>elapsum</span> <span class='ocrx_word' id='word_1_3' title='bbox 830 536 1007 594; x_wconf 80' lang='lat' dir='ltr'>esse;</span> <span class='ocrx_word' id='word_1_4' title='bbox 1083 514 1346 582; x_wconf 81' lang='lat' dir='ltr'>Orosius</span> <span class='ocrx_word' id='word_1_5' title='bbox 1391 514 1547 583; x_wconf 88' lang='lat' dir='ltr'>dicit</span> <span class='ocrx_word' id='word_1_6' title='bbox 1602 514 1874 579; x_wconf 79' lang='lat' dir='ltr'><strong>classem</strong></span> <span class='ocrx_word' id='word_1_7' title='bbox 1915 513 2271 581; x_wconf 82' lang='lat' dir='ltr'>Romanam</span> <span class='ocrx_word' id='word_1_8' title='bbox 2317 515 2493 587; x_wconf 87' lang='lat' dir='ltr'>CXX</span> <span class='ocrx_word' id='word_1_9' title='bbox 2535 519 2813 597; x_wconf 81' lang='lat' dir='ltr'>navium</span> 
     </span>
     <span class='ocr_line' id='line_1_3' title="bbox 496 616 2810 705; baseline 0.001 -21"><span class='ocrx_word' id='word_1_10' title='bbox 496 619 732 696; x_wconf 84' lang='lat' dir='ltr'>fuisse,</span> <span class='ocrx_word' id='word_1_11' title='bbox 788 617 1149 702; x_wconf 84' lang='lat' dir='ltr'>Eutropius</span> <span class='ocrx_word' id='word_1_12' title='bbox 1193 617 1452 697; x_wconf 85' lang='lat' dir='ltr'>CCXX,</span> <span class='ocrx_word' id='word_1_13' title='bbox 1524 618 1746 701; x_wconf 85' lang='lat' dir='ltr'>itaque</span> <span class='ocrx_word' id='word_1_14' title='bbox 1804 617 1872 681; x_wconf 92' lang='lat' dir='ltr'>in</span> <span class='ocrx_word' id='word_1_15' title='bbox 1916 616 2126 681; x_wconf 89' lang='lat' dir='ltr'>Orosii</span> <span class='ocrx_word' id='word_1_16' title='bbox 2186 618 2352 685; x_wconf 90' lang='lat' dir='ltr'>libro</span> <span class='ocrx_word' id='word_1_17' title='bbox 2407 621 2810 705; x_wconf 82' lang='lat' dir='ltr'>negligentia</span> 
     </span>
     <span class='ocr_line' id='line_1_4' title="bbox 490 719 2808 807; baseline 0.001 -20"><span class='ocrx_word' id='word_1_18' title='bbox 490 721 739 789; x_wconf 88' lang='lat' dir='ltr'>librarii</span> <span class='ocrx_word' id='word_1_19' title='bbox 798 722 1058 787; x_wconf 83' lang='lat' dir='ltr'>navium</span> <span class='ocrx_word' id='word_1_20' title='bbox 1121 740 1425 785; x_wconf 88' lang='lat' dir='ltr'>numerus</span> <span class='ocrx_word' id='word_1_21' title='bbox 1468 726 1810 804; x_wconf 86' lang='lat' dir='ltr'>corruptus</span> <span class='ocrx_word' id='word_1_22' title='bbox 1864 740 2002 785; x_wconf 89' lang='lat' dir='ltr'>esse</span> <span class='ocrx_word' id='word_1_23' title='bbox 2044 719 2303 789; x_wconf 86' lang='lat' dir='ltr'>videtur</span> <span class='ocrx_word' id='word_1_24' title='bbox 2325 772 2341 801; x_wconf 94' lang='lat'>,</span> <span class='ocrx_word' id='word_1_25' title='bbox 2418 723 2808 807; x_wconf 85' lang='lat' dir='ltr'>praesertim</span> 
     </span>
     <span class='ocr_line' id='line_1_5' title="bbox 493 821 2803 906; baseline 0 -17"><span class='ocrx_word' id='word_1_26' title='bbox 493 845 640 889; x_wconf 87' lang='lat' dir='ltr'>cum</span> <span class='ocrx_word' id='word_1_27' title='bbox 684 824 947 889; x_wconf 79' lang='lat' dir='ltr'>Orosius</span> <span class='ocrx_word' id='word_1_28' title='bbox 1000 824 1138 906; x_wconf 90' lang='lat' dir='ltr'>ipse</span> <span class='ocrx_word' id='word_1_29' title='bbox 1199 822 1372 889; x_wconf 84' lang='lat' dir='ltr'>dicat</span> <span class='ocrx_word' id='word_1_30' title='bbox 1432 828 1576 888; x_wconf 87' lang='lat' dir='ltr'>octo</span> <span class='ocrx_word' id='word_1_31' title='bbox 1636 821 1815 886; x_wconf 88' lang='lat' dir='ltr'>milia</span> <span class='ocrx_word' id='word_1_32' title='bbox 1874 821 2309 887; x_wconf 85' lang='lat' dir='ltr'>Romanorum</span> <span class='ocrx_word' id='word_1_33' title='bbox 2370 845 2508 890; x_wconf 90' lang='lat' dir='ltr'>esse</span> <span class='ocrx_word' id='word_1_34' title='bbox 2569 825 2803 902; x_wconf 82' lang='lat' dir='ltr'>occisa,</span> 
     </span>
     <span class='ocr_line' id='line_1_6' title="bbox 492 924 2804 1009; baseline 0 -17"><span class='ocrx_word' id='word_1_35' title='bbox 492 926 720 1009; x_wconf 76' lang='lat' dir='ltr'>viginti</span> <span class='ocrx_word' id='word_1_36' title='bbox 765 925 946 990; x_wconf 90' lang='lat' dir='ltr'>milia</span> <span class='ocrx_word' id='word_1_37' title='bbox 992 930 1212 1008; x_wconf 91' lang='lat' dir='ltr'>capta,</span> <span class='ocrx_word' id='word_1_38' title='bbox 1261 945 1427 1007; x_wconf 88' lang='lat' dir='ltr'>quae</span> <span class='ocrx_word' id='word_1_39' title='bbox 1471 924 1801 989; x_wconf 90' lang='lat' dir='ltr'>hominum</span> <span class='ocrx_word' id='word_1_40' title='bbox 1846 924 2192 991; x_wconf 88' lang='lat' dir='ltr'>multitudo</span> <span class='ocrx_word' id='word_1_41' title='bbox 2236 925 2344 989; x_wconf 79' lang='lat' dir='ltr'>vix</span> <span class='ocrx_word' id='word_1_42' title='bbox 2374 925 2479 991; x_wconf 90' lang='lat' dir='ltr'>CC</span> <span class='ocrx_word' id='word_1_43' title='bbox 2524 927 2804 997; x_wconf 81' lang='lat' dir='ltr'>navibus</span> 
     </span>
     <span class='ocr_line' id='line_1_7' title="bbox 495 1025 2823 1112; baseline 0.002 -18"><span class='ocrx_word' id='word_1_44' title='bbox 495 1029 641 1111; x_wconf 87' lang='lat' dir='ltr'>capi</span> <span class='ocrx_word' id='word_1_45' title='bbox 698 1031 929 1112; x_wconf 85' lang='lat' dir='ltr'>potest.</span> <span class='ocrx_word' id='word_1_46' title='bbox 976 1065 1058 1076; x_wconf 92' lang='lat'>—</span> <span class='ocrx_word' id='word_1_47' title='bbox 1151 1026 1470 1092; x_wconf 88' lang='lat' dir='ltr'>Diodorus</span> <span class='ocrx_word' id='word_1_48' title='bbox 1510 1029 1593 1108; x_wconf 83' lang='lat'>¹),</span> <span class='ocrx_word' id='word_1_49' title='bbox 1645 1046 2045 1110; x_wconf 82' lang='lat' dir='ltr'>quamquam</span> <span class='ocrx_word' id='word_1_50' title='bbox 2105 1027 2184 1092; x_wconf 87' lang='lat' dir='ltr'>de</span> <span class='ocrx_word' id='word_1_51' title='bbox 2244 1029 2505 1094; x_wconf 87' lang='lat' dir='ltr'>navium</span> <span class='ocrx_word' id='word_1_52' title='bbox 2561 1049 2602 1093; x_wconf 89' lang='lat' dir='ltr'>a</span> <span class='ocrx_word' id='word_1_53' title='bbox 2642 1025 2823 1098; x_wconf 74' lang='lat' dir='ltr'>Poe-&#39;</span> 
     </span>
     <span class='ocr_line' id='line_1_8' title="bbox 494 1128 2805 1214; baseline 0.001 -20"><span class='ocrx_word' id='word_1_54' title='bbox 494 1131 596 1195; x_wconf 90' lang='lat' dir='ltr'>nis</span> <span class='ocrx_word' id='word_1_55' title='bbox 652 1135 991 1214; x_wconf 86' lang='lat' dir='ltr'>captarum</span> <span class='ocrx_word' id='word_1_56' title='bbox 1046 1150 1311 1194; x_wconf 87' lang='lat' dir='ltr'>numero</span> <span class='ocrx_word' id='word_1_57' title='bbox 1370 1149 1515 1193; x_wconf 90' lang='lat' dir='ltr'>cum</span> <span class='ocrx_word' id='word_1_58' title='bbox 1574 1128 1869 1211; x_wconf 83' lang='lat' dir='ltr'>Polybio,</span> <span class='ocrx_word' id='word_1_59' title='bbox 1944 1128 2289 1214; x_wconf 86' lang='lat' dir='ltr'>Eutropio,</span> <span class='ocrx_word' id='word_1_60' title='bbox 2357 1129 2583 1195; x_wconf 87' lang='lat' dir='ltr'>Orosio</span> <span class='ocrx_word' id='word_1_61' title='bbox 2637 1131 2805 1199; x_wconf 84' lang='lat' dir='ltr'>satis</span> 
     </span>
     <span class='ocr_line' id='line_1_9' title="bbox 492 1224 2803 1310; baseline 0 -13"><span class='ocrx_word' id='word_1_62' title='bbox 492 1224 842 1310; x_wconf 77' lang='lat' dir='ltr'>consentit,</span> <span class='ocrx_word' id='word_1_63' title='bbox 898 1239 1117 1296; x_wconf 87' lang='lat' dir='ltr'>tamen</span> <span class='ocrx_word' id='word_1_64' title='bbox 1161 1253 1196 1299; x_wconf 93' lang='lat' dir='ltr'>e</span> <span class='ocrx_word' id='word_1_65' title='bbox 1242 1230 1495 1296; x_wconf 87' lang='lat' dir='ltr'>Philino</span> <span class='ocrx_word' id='word_1_66' title='bbox 1540 1230 1829 1294; x_wconf 76' lang='lat' dir='ltr'>hausisse</span> <span class='ocrx_word' id='word_1_67' title='bbox 1875 1230 2130 1295; x_wconf 88' lang='lat' dir='ltr'>videtur</span> <span class='ocrx_word' id='word_1_68' title='bbox 2172 1232 2607 1299; x_wconf 79' lang='lat' dir='ltr'>narrationem</span> <span class='ocrx_word' id='word_1_69' title='bbox 2653 1253 2803 1299; x_wconf 89' lang='lat' dir='ltr'>cum</span> 
     </span>
     <span class='ocr_line' id='line_1_10' title="bbox 492 1326 2797 1421; baseline 0 -20"><span class='ocrx_word' id='word_1_70' title='bbox 492 1334 653 1401; x_wconf 80' lang='lat' dir='ltr'>haec</span> <span class='ocrx_word' id='word_1_71' title='bbox 695 1333 891 1400; x_wconf 85' lang='lat' dir='ltr'>verba</span> <span class='ocrx_word' id='word_1_72' title='bbox 935 1335 1167 1399; x_wconf 82' lang='lat' dir='ltr'>addat:</span> <span class='ocrx_word' id='word_1_73' title='bbox 1226 1329 1392 1416; x_wconf 80' lang='grc' dir='ltr'><em>μετὰ</em></span> <span class='ocrx_word' id='word_1_74' title='bbox 1433 1336 1595 1398; x_wconf 77' lang='grc' dir='ltr'>νεῶν</span> <span class='ocrx_word' id='word_1_75' title='bbox 1627 1332 1785 1397; x_wconf 82' lang='grc' dir='ltr'><strong><em>δέκα</em></strong></span> <span class='ocrx_word' id='word_1_76' title='bbox 1825 1326 2030 1413; x_wconf 79' lang='grc' dir='ltr'>μόνον</span> <span class='ocrx_word' id='word_1_77' title='bbox 2074 1326 2365 1421; x_wconf 70' lang='grc' dir='ltr'><em>ἀνῃρέθη</em></span> <span class='ocrx_word' id='word_1_78' title='bbox 2409 1331 2529 1416; x_wconf 73' lang='grc' dir='ltr'>μὲν</span> <span class='ocrx_word' id='word_1_79' title='bbox 2557 1327 2797 1416; x_wconf 73' lang='grc' dir='ltr'><strong>οὐδείς,</strong></span> 
     </span>
     <span class='ocr_line' id='line_1_11' title="bbox 491 1428 2805 1523; baseline -0.001 -18"><span class='ocrx_word' id='word_1_80' title='bbox 491 1430 1110 1523; x_wconf 67' lang='grc' dir='ltr'><strong><em>ἒτραυματίσθησαν</em></strong></span> <span class='ocrx_word' id='word_1_81' title='bbox 1154 1428 1225 1500; x_wconf 75' lang='grc' dir='ltr'>δ’</span> <span class='ocrx_word' id='word_1_82' title='bbox 1272 1430 1513 1520; x_wconf 80' lang='grc' dir='ltr'><em>ὀλίγοι,</em></span> <span class='ocrx_word' id='word_1_83' title='bbox 1591 1456 1760 1519; x_wconf 90' lang='lat' dir='ltr'>quae</span> <span class='ocrx_word' id='word_1_84' title='bbox 1805 1435 2000 1501; x_wconf 86' lang='lat' dir='ltr'>verba</span> <span class='ocrx_word' id='word_1_85' title='bbox 2044 1437 2166 1501; x_wconf 89' lang='lat' dir='ltr'>etsi</span> <span class='ocrx_word' id='word_1_86' title='bbox 2210 1437 2508 1514; x_wconf 79' lang='lat' dir='ltr'>navium,</span> <span class='ocrx_word' id='word_1_87' title='bbox 2566 1437 2805 1520; x_wconf 83' lang='lat' dir='ltr'>quibus</span> 
     </span>
     <span class='ocr_line' id='line_1_12' title="bbox 490 1538 2804 1623; baseline 0.001 -19"><span class='ocrx_word' id='word_1_88' title='bbox 490 1539 689 1604; x_wconf 88' lang='lat' dir='ltr'>Poeni</span> <span class='ocrx_word' id='word_1_89' title='bbox 716 1539 1039 1603; x_wconf 85' lang='lat' dir='ltr'>Romanos</span> <span class='ocrx_word' id='word_1_90' title='bbox 1083 1538 1298 1602; x_wconf 87' lang='lat' dir='ltr'>adorti</span> <span class='ocrx_word' id='word_1_91' title='bbox 1341 1539 1505 1616; x_wconf 88' lang='lat' dir='ltr'>sint,</span> <span class='ocrx_word' id='word_1_92' title='bbox 1552 1558 1891 1602; x_wconf 89' lang='lat' dir='ltr'>numerum</span> <span class='ocrx_word' id='word_1_93' title='bbox 1911 1545 2281 1622; x_wconf 84' lang='lat' dir='ltr'>corruptum</span> <span class='ocrx_word' id='word_1_94' title='bbox 2301 1559 2437 1605; x_wconf 86' lang='lat' dir='ltr'>esse</span> <span class='ocrx_word' id='word_1_95' title='bbox 2468 1545 2804 1623; x_wconf 74' lang='lat' dir='ltr'>appareat,</span> 
     </span>
     <span class='ocr_line' id='line_1_13' title="bbox 492 1639 2805 1724; baseline 0 -20"><span class='ocrx_word' id='word_1_96' title='bbox 492 1645 716 1706; x_wconf 89' lang='lat' dir='ltr'>tamen</span> <span class='ocrx_word' id='word_1_97' title='bbox 766 1641 1127 1705; x_wconf 87' lang='lat' dir='ltr'>Poenorum</span> <span class='ocrx_word' id='word_1_98' title='bbox 1183 1639 1599 1707; x_wconf 85' lang='lat' dir='ltr'>iactationem</span> <span class='ocrx_word' id='word_1_99' title='bbox 1643 1639 2027 1719; x_wconf 88' lang='lat' dir='ltr'>ostendunt,</span> <span class='ocrx_word' id='word_1_100' title='bbox 2097 1641 2329 1724; x_wconf 85' lang='lat' dir='ltr'>quibus</span> <span class='ocrx_word' id='word_1_101' title='bbox 2371 1641 2665 1709; x_wconf 88' lang='lat' dir='ltr'>Philinus</span> <span class='ocrx_word' id='word_1_102' title='bbox 2708 1642 2805 1706; x_wconf 87' lang='lat' dir='ltr'>fa-</span> 
     </span>
     <span class='ocr_line' id='line_1_14' title="bbox 489 1743 2806 1828; baseline 0.001 -20"><span class='ocrx_word' id='word_1_103' title='bbox 489 1743 700 1809; x_wconf 78' lang='lat' dir='ltr'>vebat.</span> <span class='ocrx_word' id='word_1_104' title='bbox 816 1743 1114 1808; x_wconf 81' lang='lat' dir='ltr'>Dubitari</span> <span class='ocrx_word' id='word_1_105' title='bbox 1174 1750 1388 1807; x_wconf 88' lang='lat' dir='ltr'>autem</span> <span class='ocrx_word' id='word_1_106' title='bbox 1445 1748 1658 1826; x_wconf 90' lang='lat' dir='ltr'>potest</span> <span class='ocrx_word' id='word_1_107' title='bbox 1701 1748 1917 1807; x_wconf 88' lang='lat' dir='ltr'>utrum</span> <span class='ocrx_word' id='word_1_108' title='bbox 1973 1764 2081 1822; x_wconf 87' lang='lat' dir='ltr'>ea,</span> <span class='ocrx_word' id='word_1_109' title='bbox 2159 1765 2324 1828; x_wconf 85' lang='lat' dir='ltr'>quae</span> <span class='ocrx_word' id='word_1_110' title='bbox 2370 1744 2589 1811; x_wconf 86' lang='lat' dir='ltr'>Livius</span> <span class='ocrx_word' id='word_1_111' title='bbox 2616 1747 2671 1828; x_wconf 78' lang='grc'>2)</span> <span class='ocrx_word' id='word_1_112' title='bbox 2732 1751 2806 1816; x_wconf 81' lang='lat' dir='ltr'>et</span> 
     </span>
     <span class='ocr_line' id='line_1_15' title="bbox 491 1838 2808 1929; baseline 0.002 -20"><span class='ocrx_word' id='word_1_113' title='bbox 491 1845 607 1929; x_wconf 86' lang='lat' dir='ltr'>qui</span> <span class='ocrx_word' id='word_1_114' title='bbox 673 1838 819 1913; x_wconf 84' lang='lat' dir='ltr'>eum</span> <span class='ocrx_word' id='word_1_115' title='bbox 902 1845 1104 1910; x_wconf 91' lang='lat' dir='ltr'>secuti</span> <span class='ocrx_word' id='word_1_116' title='bbox 1182 1850 1334 1913; x_wconf 88' lang='lat' dir='ltr'>sunt</span> <span class='ocrx_word' id='word_1_117' title='bbox 1390 1846 1688 1911; x_wconf 86' lang='lat' dir='ltr'>Valerius</span> <span class='ocrx_word' id='word_1_118' title='bbox 1742 1845 2064 1909; x_wconf 84' lang='lat' dir='ltr'>Maximus</span> <span class='ocrx_word' id='word_1_119' title='bbox 2094 1847 2151 1926; x_wconf 87' lang='lat'>3)</span> <span class='ocrx_word' id='word_1_120' title='bbox 2219 1852 2284 1910; x_wconf 92' lang='lat' dir='ltr'>et</span> <span class='ocrx_word' id='word_1_121' title='bbox 2343 1846 2571 1913; x_wconf 89' lang='lat' dir='ltr'>Florus</span> <span class='ocrx_word' id='word_1_122' title='bbox 2599 1850 2658 1928; x_wconf 83' lang='lat'>4)</span> <span class='ocrx_word' id='word_1_123' title='bbox 2720 1847 2808 1913; x_wconf 89' lang='lat' dir='ltr'>de</span> 
     </span>
     <span class='ocr_line' id='line_1_16' title="bbox 494 1945 2802 2033; baseline 0 -19"><span class='ocrx_word' id='word_1_124' title='bbox 494 1945 750 2014; x_wconf 86' lang='lat' dir='ltr'>Claudii</span> <span class='ocrx_word' id='word_1_125' title='bbox 793 1946 1094 2031; x_wconf 87' lang='lat' dir='ltr'>superbia</span> <span class='ocrx_word' id='word_1_126' title='bbox 1136 1946 1549 2013; x_wconf 86' lang='lat' dir='ltr'>tradiderunt</span> <span class='ocrx_word' id='word_1_127' title='bbox 1590 1970 1626 2012; x_wconf 93' lang='lat' dir='ltr'>e</span> <span class='ocrx_word' id='word_1_128' title='bbox 1664 1947 1863 2012; x_wconf 89' lang='lat' dir='ltr'>Fabio</span> <span class='ocrx_word' id='word_1_129' title='bbox 1909 1968 1992 2011; x_wconf 86' lang='lat' dir='ltr'>an</span> <span class='ocrx_word' id='word_1_130' title='bbox 2036 1969 2072 2012; x_wconf 93' lang='lat' dir='ltr'>e</span> <span class='ocrx_word' id='word_1_131' title='bbox 2117 1949 2473 2015; x_wconf 82' lang='lat' dir='ltr'>&#39;recentiore</span> <span class='ocrx_word' id='word_1_132' title='bbox 2517 1949 2802 2033; x_wconf 82' lang='lat' dir='ltr'>quodam</span> 
     </span>
     <span class='ocr_line' id='line_1_17' title="bbox 490 2049 2804 2135; baseline 0.002 -20"><span class='ocrx_word' id='word_1_133' title='bbox 490 2051 832 2135; x_wconf 83' lang='lat' dir='ltr'>scriptore,</span> <span class='ocrx_word' id='word_1_134' title='bbox 878 2051 1054 2115; x_wconf 87' lang='lat' dir='ltr'>velut</span> <span class='ocrx_word' id='word_1_135' title='bbox 1082 2050 1327 2117; x_wconf 88' lang='lat' dir='ltr'>Licinio</span> <span class='ocrx_word' id='word_1_136' title='bbox 1363 2049 1579 2119; x_wconf 85' lang='lat' dir='ltr'>Macro</span> <span class='ocrx_word' id='word_1_137' title='bbox 1625 2051 1965 2134; x_wconf 90' lang='lat' dir='ltr'>desumpta</span> <span class='ocrx_word' id='word_1_138' title='bbox 2008 2052 2157 2128; x_wconf 89' lang='lat' dir='ltr'>sint,</span> <span class='ocrx_word' id='word_1_139' title='bbox 2203 2051 2312 2133; x_wconf 88' lang='lat' dir='ltr'>qui</span> <span class='ocrx_word' id='word_1_140' title='bbox 2359 2057 2433 2117; x_wconf 92' lang='lat' dir='ltr'>ut</span> <span class='ocrx_word' id='word_1_141' title='bbox 2463 2051 2804 2120; x_wconf 80' lang='lat' dir='ltr'>Mommse-</span> 
     </span>
     <span class='ocr_line' id='line_1_18' title="bbox 489 2152 2805 2236; baseline 0.001 -19"><span class='ocrx_word' id='word_1_142' title='bbox 489 2173 613 2219; x_wconf 91' lang='lat' dir='ltr'>nus</span> <span class='ocrx_word' id='word_1_143' title='bbox 656 2153 1119 2219; x_wconf 84' lang='lat' dir='ltr'>demonstravit</span> <span class='ocrx_word' id='word_1_144' title='bbox 1147 2157 1199 2234; x_wconf 83' lang='lat'>⁵)</span> <span class='ocrx_word' id='word_1_145' title='bbox 1246 2157 1501 2235; x_wconf 84' lang='lat' dir='ltr'>gentem</span> <span class='ocrx_word' id='word_1_146' title='bbox 1551 2152 1889 2217; x_wconf 87' lang='lat' dir='ltr'>Claudiam</span> <span class='ocrx_word' id='word_1_147' title='bbox 1936 2152 2176 2236; x_wconf 90' lang='lat' dir='ltr'>ubique</span> <span class='ocrx_word' id='word_1_148' title='bbox 2218 2154 2559 2236; x_wconf 87' lang='lat' dir='ltr'>superbam</span> <span class='ocrx_word' id='word_1_149' title='bbox 2602 2154 2805 2223; x_wconf 84' lang='lat' dir='ltr'>fuisse</span> 
     </span>
     <span class='ocr_line' id='line_1_19' title="bbox 488 2252 2799 2338; baseline 0.002 -20"><span class='ocrx_word' id='word_1_150' title='bbox 488 2254 802 2334; x_wconf 82' lang='lat' dir='ltr'>ostendit3</span> <span class='ocrx_word' id='word_1_151' title='bbox 877 2254 1178 2338; x_wconf 85' lang='lat' dir='ltr'>Polybius</span> <span class='ocrx_word' id='word_1_152' title='bbox 1211 2257 1266 2334; x_wconf 78' lang='grc'>6)</span> <span class='ocrx_word' id='word_1_153' title='bbox 1313 2255 1484 2320; x_wconf 91' lang='lat' dir='ltr'>enim</span> <span class='ocrx_word' id='word_1_154' title='bbox 1538 2254 1699 2319; x_wconf 89' lang='lat' dir='ltr'>nihil</span> <span class='ocrx_word' id='word_1_155' title='bbox 1755 2254 1833 2319; x_wconf 89' lang='lat' dir='ltr'>de</span> <span class='ocrx_word' id='word_1_156' title='bbox 1878 2252 2147 2321; x_wconf 84' lang='lat' dir='ltr'>Claudio</span> <span class='ocrx_word' id='word_1_157' title='bbox 2195 2256 2455 2323; x_wconf 85' lang='lat' dir='ltr'>consule</span> <span class='ocrx_word' id='word_1_158' title='bbox 2499 2256 2799 2335; x_wconf 76' lang='lat' dir='ltr'>tradidit,</span> 
     </span>
     <span class='ocr_line' id='line_1_20' title="bbox 487 2356 2808 2442; baseline 0 -19"><span class='ocrx_word' id='word_1_159' title='bbox 487 2356 613 2425; x_wconf 88' lang='lat' dir='ltr'>nisi</span> <span class='ocrx_word' id='word_1_160' title='bbox 655 2378 801 2423; x_wconf 88' lang='lat' dir='ltr'>eum</span> <span class='ocrx_word' id='word_1_161' title='bbox 845 2356 925 2422; x_wconf 91' lang='lat' dir='ltr'>ob</span> <span class='ocrx_word' id='word_1_162' title='bbox 968 2357 1406 2439; x_wconf 85' lang='lat' dir='ltr'>ignorantiam</span> <span class='ocrx_word' id='word_1_163' title='bbox 1451 2363 1514 2422; x_wconf 91' lang='lat' dir='ltr'>et</span> <span class='ocrx_word' id='word_1_164' title='bbox 1559 2358 2026 2436; x_wconf 87' lang='lat' dir='ltr'>temeritatem,</span> <span class='ocrx_word' id='word_1_165' title='bbox 2092 2376 2221 2439; x_wconf 86' lang='lat' dir='ltr'>qua</span> <span class='ocrx_word' id='word_1_166' title='bbox 2265 2358 2582 2442; x_wconf 85' lang='lat' dir='ltr'>proelium</span> <span class='ocrx_word' id='word_1_167' title='bbox 2629 2379 2808 2423; x_wconf 80' lang='lat' dir='ltr'>com-</span> 
     </span>
     <span class='ocr_line' id='line_1_21' title="bbox 485 2447 2809 2547; baseline 0.002 -23"><span class='ocrx_word' id='word_1_168' title='bbox 485 2458 735 2524; x_wconf 87' lang='lat' dir='ltr'>miserit</span> <span class='ocrx_word' id='word_1_169' title='bbox 805 2452 976 2546; x_wconf 80' lang='grc' dir='ltr'>(εἰκῇ</span> <span class='ocrx_word' id='word_1_170' title='bbox 1043 2456 1157 2526; x_wconf 82' lang='grc' dir='ltr'>καὶ</span> <span class='ocrx_word' id='word_1_171' title='bbox 1220 2452 1585 2544; x_wconf 73' lang='grc' dir='ltr'><em>ἀλογίστως</em></span> <span class='ocrx_word' id='word_1_172' title='bbox 1657 2460 1802 2537; x_wconf 82' lang='grc' dir='ltr'><strong><em>τοῖς</em></strong></span> <span class='ocrx_word' id='word_1_173' title='bbox 1870 2447 2216 2546; x_wconf 74' lang='grc' dir='ltr'><em>πράγμασι</em></span> <span class='ocrx_word' id='word_1_174' title='bbox 2290 2460 2698 2547; x_wconf 75' lang='grc' dir='ltr'><strong><em>κεχρημένος)</em></strong></span> <span class='ocrx_word' id='word_1_175' title='bbox 2761 2481 2809 2528; x_wconf 81' lang='lat' dir='ltr'>a.</span> 
     </span>
     <span class='ocr_line' id='line_1_22' title="bbox 487 2562 2804 2646; baseline 0 -18"><span class='ocrx_word' id='word_1_176' title='bbox 487 2567 716 2630; x_wconf 88' lang='lat' dir='ltr'>senatu</span> <span class='ocrx_word' id='word_1_177' title='bbox 779 2564 846 2626; x_wconf 91' lang='lat' dir='ltr'>in</span> <span class='ocrx_word' id='word_1_178' title='bbox 908 2564 1006 2627; x_wconf 89' lang='lat' dir='ltr'>ius</span> <span class='ocrx_word' id='word_1_179' title='bbox 1064 2584 1199 2629; x_wconf 89' lang='lat' dir='ltr'>esse</span> <span class='ocrx_word' id='word_1_180' title='bbox 1255 2569 1571 2630; x_wconf 85' lang='lat' dir='ltr'>vocatum.</span> <span class='ocrx_word' id='word_1_181' title='bbox 1706 2562 1931 2628; x_wconf 87' lang='lat' dir='ltr'>Cicero</span> <span class='ocrx_word' id='word_1_182' title='bbox 1957 2566 2010 2640; x_wconf 89' lang='grc'>7)</span> <span class='ocrx_word' id='word_1_183' title='bbox 2084 2583 2339 2646; x_wconf 89' lang='lat' dir='ltr'>quoque</span> <span class='ocrx_word' id='word_1_184' title='bbox 2405 2565 2484 2632; x_wconf 89' lang='lat' dir='ltr'>de</span> <span class='ocrx_word' id='word_1_185' title='bbox 2542 2564 2804 2629; x_wconf 88' lang='lat' dir='ltr'>Claudii</span> 
     </span>
     <span class='ocr_line' id='line_1_23' title="bbox 487 2664 2808 2749; baseline 0.002 -20"><span class='ocrx_word' id='word_1_186' title='bbox 487 2664 747 2729; x_wconf 85' lang='lat' dir='ltr'>Pulchri</span> <span class='ocrx_word' id='word_1_187' title='bbox 791 2664 1092 2749; x_wconf 87' lang='lat' dir='ltr'>superbia</span> <span class='ocrx_word' id='word_1_188' title='bbox 1139 2666 1301 2748; x_wconf 84' lang='lat' dir='ltr'>egit,</span> <span class='ocrx_word' id='word_1_189' title='bbox 1377 2666 1488 2730; x_wconf 92' lang='lat' dir='ltr'>sed</span> <span class='ocrx_word' id='word_1_190' title='bbox 1547 2669 1877 2730; x_wconf 81' lang='lat' dir='ltr'>auctorem</span> <span class='ocrx_word' id='word_1_191' title='bbox 1921 2667 2311 2739; x_wconf 84' lang='lat' dir='ltr'>narrationis</span> <span class='ocrx_word' id='word_1_192' title='bbox 2355 2687 2484 2734; x_wconf 88' lang='lat' dir='ltr'>non</span> <span class='ocrx_word' id='word_1_193' title='bbox 2528 2687 2808 2734; x_wconf 81' lang='lat' dir='ltr'>comme-</span> 
     </span>
     <span class='ocr_line' id='line_1_24' title="bbox 489 2767 2808 2848; baseline 0.001 -17"><span class='ocrx_word' id='word_1_194' title='bbox 489 2768 784 2832; x_wconf 89' lang='lat' dir='ltr'>moravit.</span> <span class='ocrx_word' id='word_1_195' title='bbox 876 2767 997 2833; x_wconf 91' lang='lat' dir='ltr'>Dio</span> <span class='ocrx_word' id='word_1_196' title='bbox 1045 2767 1304 2838; x_wconf 90' lang='lat' dir='ltr'>Cassius</span> <span class='ocrx_word' id='word_1_197' title='bbox 1350 2768 1603 2834; x_wconf 88' lang='lat' dir='ltr'>Livium</span> <span class='ocrx_word' id='word_1_198' title='bbox 1647 2771 1903 2832; x_wconf 89' lang='lat' dir='ltr'>secutus</span> <span class='ocrx_word' id='word_1_199' title='bbox 1947 2789 2083 2832; x_wconf 89' lang='lat' dir='ltr'>esse</span> <span class='ocrx_word' id='word_1_200' title='bbox 2129 2768 2426 2848; x_wconf 89' lang='lat' dir='ltr'>videtur,</span> <span class='ocrx_word' id='word_1_201' title='bbox 2494 2790 2638 2833; x_wconf 88' lang='lat' dir='ltr'>cum</span> <span class='ocrx_word' id='word_1_202' title='bbox 2683 2769 2808 2834; x_wconf 91' lang='lat' dir='ltr'>Zo-</span> 
     </span>
     <span class='ocr_line' id='line_1_25' title="bbox 488 2867 2807 2954; baseline -0 -16"><span class='ocrx_word' id='word_1_203' title='bbox 488 2890 684 2938; x_wconf 87' lang='lat' dir='ltr'>naras</span> <span class='ocrx_word' id='word_1_204' title='bbox 707 2870 768 2954; x_wconf 83' lang='lat'>8)</span> <span class='ocrx_word' id='word_1_205' title='bbox 811 2876 1109 2936; x_wconf 83' lang='lat' dir='ltr'>accurate</span> <span class='ocrx_word' id='word_1_206' title='bbox 1153 2892 1298 2935; x_wconf 89' lang='lat' dir='ltr'>cum</span> <span class='ocrx_word' id='word_1_207' title='bbox 1342 2869 1523 2934; x_wconf 88' lang='lat' dir='ltr'>Livio</span> <span class='ocrx_word' id='word_1_208' title='bbox 1570 2873 1636 2932; x_wconf 92' lang='lat' dir='ltr'>et</span> <span class='ocrx_word' id='word_1_209' title='bbox 1679 2867 1874 2933; x_wconf 87' lang='lat' dir='ltr'>Floro</span> <span class='ocrx_word' id='word_1_210' title='bbox 1918 2871 2282 2935; x_wconf 88' lang='lat' dir='ltr'>consentiat</span> <span class='ocrx_word' id='word_1_211' title='bbox 2325 2876 2391 2935; x_wconf 90' lang='lat' dir='ltr'>et</span> <span class='ocrx_word' id='word_1_212' title='bbox 2431 2871 2604 2936; x_wconf 85' lang='lat' dir='ltr'>inter</span> <span class='ocrx_word' id='word_1_213' title='bbox 2649 2870 2807 2937; x_wconf 92' lang='lat' dir='ltr'>Dio-</span> 
     </span>
     <span class='ocr_line' id='line_1_26' title="bbox 489 2971 2802 3056; baseline 0 -18"><span class='ocrx_word' id='word_1_214' title='bbox 489 2973 591 3038; x_wconf 88' lang='lat' dir='ltr'>nis</span> <span class='ocrx_word' id='word_1_215' title='bbox 651 2973 956 3056; x_wconf 87' lang='lat' dir='ltr'>reliquias</span> <span class='ocrx_word' id='word_1_216' title='bbox 1018 2971 1197 3036; x_wconf 88' lang='lat' dir='ltr'>locus</span> <span class='ocrx_word' id='word_1_217' title='bbox 1258 2978 1466 3037; x_wconf 85' lang='lat' dir='ltr'>exstet</span> <span class='ocrx_word' id='word_1_218' title='bbox 1493 2974 1550 3047; x_wconf 79' lang='grc'>9)</span> <span class='ocrx_word' id='word_1_219' title='bbox 1578 3020 1593 3050; x_wconf 93' lang='grc'><strong>,</strong></span> <span class='ocrx_word' id='word_1_220' title='bbox 1666 2991 1793 3053; x_wconf 87' lang='lat' dir='ltr'>quo</span> <span class='ocrx_word' id='word_1_221' title='bbox 1838 2971 1917 3038; x_wconf 87' lang='lat' dir='ltr'>de</span> <span class='ocrx_word' id='word_1_222' title='bbox 1961 2972 2230 3055; x_wconf 87' lang='lat' dir='ltr'>augurio</span> <span class='ocrx_word' id='word_1_223' title='bbox 2274 2973 2477 3055; x_wconf 79' lang='lat' dir='ltr'>egisse</span> <span class='ocrx_word' id='word_1_224' title='bbox 2522 2973 2802 3039; x_wconf 85' lang='lat' dir='ltr'>videtur.</span> 
     </span>
     <span class='ocr_line' id='line_1_27' title="bbox 495 3073 2807 3160; baseline 0.001 -21"><span class='ocrx_word' id='word_1_225' title='bbox 495 3074 712 3144; x_wconf 88' lang='lat' dir='ltr'>Livius</span> <span class='ocrx_word' id='word_1_226' title='bbox 749 3080 833 3151; x_wconf 87' lang='lat'>1⁰)</span> <span class='ocrx_word' id='word_1_227' title='bbox 879 3094 1142 3158; x_wconf 89' lang='lat' dir='ltr'>prorsus</span> <span class='ocrx_word' id='word_1_228' title='bbox 1187 3074 1510 3140; x_wconf 82' lang='lat' dir='ltr'>consentit</span> <span class='ocrx_word' id='word_1_229' title='bbox 1554 3094 1699 3138; x_wconf 89' lang='lat' dir='ltr'>cum</span> <span class='ocrx_word' id='word_1_230' title='bbox 1744 3073 1928 3139; x_wconf 71' lang='lat' dir='ltr'>fastis</span> <span class='ocrx_word' id='word_1_231' title='bbox 1974 3075 2385 3160; x_wconf 90' lang='lat' dir='ltr'>Capitolinis,</span> <span class='ocrx_word' id='word_1_232' title='bbox 2450 3075 2563 3158; x_wconf 87' lang='lat' dir='ltr'>qui</span> <span class='ocrx_word' id='word_1_233' title='bbox 2610 3074 2807 3141; x_wconf 88' lang='lat' dir='ltr'>Clau-</span> 
     </span>
     <span class='ocr_line' id='line_1_28' title="bbox 492 3176 2807 3261; baseline -0 -17"><span class='ocrx_word' id='word_1_234' title='bbox 492 3177 669 3244; x_wconf 88' lang='lat' dir='ltr'>dium</span> <span class='ocrx_word' id='word_1_235' title='bbox 714 3176 1038 3241; x_wconf 89' lang='lat' dir='ltr'>consulem</span> <span class='ocrx_word' id='word_1_236' title='bbox 1081 3178 1318 3247; x_wconf 88' lang='lat' dir='ltr'>victum</span> <span class='ocrx_word' id='word_1_237' title='bbox 1374 3197 1414 3241; x_wconf 90' lang='lat' dir='ltr'>a</span> <span class='ocrx_word' id='word_1_238' title='bbox 1471 3181 1701 3241; x_wconf 86' lang='lat' dir='ltr'>senat-u</span> <span class='ocrx_word' id='word_1_239' title='bbox 1753 3183 2122 3247; x_wconf 86' lang='lat' dir='ltr'>revocatum</span> <span class='ocrx_word' id='word_1_240' title='bbox 2180 3178 2551 3261; x_wconf 86' lang='lat' dir='ltr'>iussumque</span> <span class='ocrx_word' id='word_1_241' title='bbox 2598 3178 2807 3243; x_wconf 88' lang='lat' dir='ltr'>dicta-</span> 
     </span>
     <span class='ocr_line' id='line_1_29' title="bbox 491 3277 2806 3359; baseline 0.001 -15"><span class='ocrx_word' id='word_1_242' title='bbox 491 3285 698 3345; x_wconf 90' lang='lat' dir='ltr'>torem</span> <span class='ocrx_word' id='word_1_243' title='bbox 759 3279 968 3344; x_wconf 89' lang='lat' dir='ltr'>dicere</span> <span class='ocrx_word' id='word_1_244' title='bbox 1037 3277 1381 3348; x_wconf 88' lang='lat' dir='ltr'>Claudium</span> <span class='ocrx_word' id='word_1_245' title='bbox 1447 3278 1719 3344; x_wconf 84' lang='lat' dir='ltr'>Gliciam</span> <span class='ocrx_word' id='word_1_246' title='bbox 1787 3280 2022 3346; x_wconf 86' lang='lat' dir='ltr'>dixisse</span> <span class='ocrx_word' id='word_1_247' title='bbox 2106 3279 2397 3352; x_wconf 86' lang='lat' dir='ltr'>referunt</span> <span class='ocrx_word' id='word_1_248' title='bbox 2426 3329 2443 3359; x_wconf 92' lang='lat'>,</span> <span class='ocrx_word' id='word_1_249' title='bbox 2532 3278 2806 3346; x_wconf 87' lang='lat' dir='ltr'>ultimae</span> 
     </span>
     <span class='ocr_line' id='line_1_30' title="bbox 494 3382 2803 3465; baseline -0 -18"><span class='ocrx_word' id='word_1_250' title='bbox 494 3384 685 3456; x_wconf 83' lang='lat' dir='ltr'>sortis</span> <span class='ocrx_word' id='word_1_251' title='bbox 749 3382 1073 3450; x_wconf 82' lang='lat' dir='ltr'>hominem</span> <span class='ocrx_word' id='word_1_252' title='bbox 1096 3433 1113 3462; x_wconf 94' lang='lat'>,</span> <span class='ocrx_word' id='word_1_253' title='bbox 1201 3382 1313 3465; x_wconf 91' lang='lat' dir='ltr'>qui</span> <span class='ocrx_word' id='word_1_254' title='bbox 1385 3388 1646 3446; x_wconf 88' lang='lat' dir='ltr'>coactus</span> <span class='ocrx_word' id='word_1_255' title='bbox 1710 3388 1808 3448; x_wconf 90' lang='lat' dir='ltr'>est</span> <span class='ocrx_word' id='word_1_256' title='bbox 1881 3382 2264 3464; x_wconf 84' lang='lat' dir='ltr'>magistratu</span> <span class='ocrx_word' id='word_1_257' title='bbox 2339 3402 2406 3446; x_wconf 93' lang='lat' dir='ltr'>se</span> <span class='ocrx_word' id='word_1_258' title='bbox 2478 3382 2803 3449; x_wconf 90' lang='lat' dir='ltr'>abdicare.</span> 
     </span>
     <span class='ocr_line' id='line_1_31' title="bbox 494 3484 2806 3554; baseline 0 -2"><span class='ocrx_word' id='word_1_259' title='bbox 494 3485 730 3552; x_wconf 89' lang='lat' dir='ltr'>Atilius</span> <span class='ocrx_word' id='word_1_260' title='bbox 779 3485 1115 3554; x_wconf 88' lang='lat' dir='ltr'>Calatinus</span> <span class='ocrx_word' id='word_1_261' title='bbox 1169 3484 1398 3553; x_wconf 87' lang='lat' dir='ltr'>deinde</span> <span class='ocrx_word' id='word_1_262' title='bbox 1454 3484 1736 3549; x_wconf 84' lang='lat' dir='ltr'>dictator</span> <span class='ocrx_word' id='word_1_263' title='bbox 1793 3484 2004 3548; x_wconf 85' lang='lat' dir='ltr'>dictus</span> <span class='ocrx_word' id='word_1_264' title='bbox 2069 3489 2183 3551; x_wconf 89' lang='lat' dir='ltr'>est.</span> <span class='ocrx_word' id='word_1_265' title='bbox 2304 3485 2535 3550; x_wconf 87' lang='lat' dir='ltr'>Utrum</span> <span class='ocrx_word' id='word_1_266' title='bbox 2581 3485 2806 3552; x_wconf 84' lang='lat' dir='ltr'>Livius</span> 
     </span>
     <span class='ocr_line' id='line_1_32' title="bbox 493 3584 2803 3676; baseline 0.002 -23"><span class='ocrx_word' id='word_1_267' title='bbox 493 3584 655 3653; x_wconf 88' lang='lat' dir='ltr'>haec</span> <span class='ocrx_word' id='word_1_268' title='bbox 698 3608 778 3651; x_wconf 89' lang='lat' dir='ltr'>ex</span> <span class='ocrx_word' id='word_1_269' title='bbox 820 3587 976 3670; x_wconf 85' lang='lat' dir='ltr'>ipsis</span> <span class='ocrx_word' id='word_1_270' title='bbox 1019 3586 1203 3652; x_wconf 87' lang='lat' dir='ltr'>fastis</span> <span class='ocrx_word' id='word_1_271' title='bbox 1249 3586 1538 3654; x_wconf 89' lang='lat' dir='ltr'>hauserit</span> <span class='ocrx_word' id='word_1_272' title='bbox 1591 3607 1676 3651; x_wconf 89' lang='lat' dir='ltr'>an</span> <span class='ocrx_word' id='word_1_273' title='bbox 1719 3607 1799 3651; x_wconf 86' lang='lat' dir='ltr'>ex</span> <span class='ocrx_word' id='word_1_274' title='bbox 1844 3586 2116 3654; x_wconf 86' lang='lat' dir='ltr'>aliorum</span> <span class='ocrx_word' id='word_1_275' title='bbox 2160 3587 2547 3676; x_wconf 72' lang='lat' dir='ltr'>scriptorum</span> <span class='ocrx_word' id='word_1_276' title='bbox 2592 3587 2803 3671; x_wconf 80' lang='lat' dir='ltr'>libris,</span> 
     </span>
     <span class='ocr_line' id='line_1_33' title="bbox 490 3687 2535 3773; baseline -0.001 -15"><span class='ocrx_word' id='word_1_277' title='bbox 490 3690 833 3760; x_wconf 88' lang='lat' dir='ltr'>diiudicari</span> <span class='ocrx_word' id='word_1_278' title='bbox 873 3690 1127 3773; x_wconf 88' lang='lat' dir='ltr'>nequit,</span> <span class='ocrx_word' id='word_1_279' title='bbox 1195 3709 1340 3756; x_wconf 91' lang='lat' dir='ltr'>cum</span> <span class='ocrx_word' id='word_1_280' title='bbox 1386 3687 1552 3755; x_wconf 83' lang='lat' dir='ltr'>Livii</span> <span class='ocrx_word' id='word_1_281' title='bbox 1594 3687 1797 3772; x_wconf 91' lang='lat' dir='ltr'>ipsius</span> <span class='ocrx_word' id='word_1_282' title='bbox 1842 3689 2037 3754; x_wconf 87' lang='lat' dir='ltr'>verba</span> <span class='ocrx_word' id='word_1_283' title='bbox 2083 3710 2215 3755; x_wconf 91' lang='lat' dir='ltr'>non</span> <span class='ocrx_word' id='word_1_284' title='bbox 2259 3696 2535 3757; x_wconf 79' lang='lat' dir='ltr'>exstent.</span> 
     </span>
    </p>
   </div>
   <div class='ocr_carea' id='block_1_3' title="bbox 493 3878 904 3888">
    <p class='ocr_par' dir='ltr' id='par_1_3' title="bbox 493 3878 904 3888">
     <span class='ocr_line' id='line_1_34' title="bbox 493 3878 904 3888; baseline 0 1133"><span class='ocrx_word' id='word_1_285' title='bbox 493 3878 904 3888; x_wconf 95' lang='lat' dir='ltr'> </span> 
     </span>
    </p>
   </div>
   <div class='ocr_carea' id='block_1_4' title="bbox 636 3992 2772 4329">
    <p class='ocr_par' dir='ltr' id='par_1_4' title="bbox 636 3992 2768 4152">
     <span class='ocr_line' id='line_1_35' title="bbox 640 3992 2768 4065; baseline 0 -17"><span class='ocrx_word' id='word_1_286' title='bbox 640 3996 684 4061; x_wconf 89' lang='lat'>1)</span> <span class='ocrx_word' id='word_1_287' title='bbox 758 3994 956 4064; x_wconf 87' lang='lat' dir='ltr'>XXIV,</span> <span class='ocrx_word' id='word_1_288' title='bbox 996 3997 1052 4063; x_wconf 91' lang='lat'>1,</span> <span class='ocrx_word' id='word_1_289' title='bbox 1091 3995 1142 4048; x_wconf 87' lang='lat'>5.</span> <span class='ocrx_word' id='word_1_290' title='bbox 1283 3993 1331 4061; x_wconf 83' lang='lat'>2)</span> <span class='ocrx_word' id='word_1_291' title='bbox 1405 3992 1649 4062; x_wconf 86' lang='lat' dir='ltr'>perioch.</span> <span class='ocrx_word' id='word_1_292' title='bbox 1685 3993 1719 4046; x_wconf 91' lang='lat'>1.</span> <span class='ocrx_word' id='word_1_293' title='bbox 1758 3993 1907 4050; x_wconf 86' lang='lat' dir='ltr'>XIX.</span> <span class='ocrx_word' id='word_1_294' title='bbox 2049 3995 2096 4065; x_wconf 86' lang='grc'>3)</span> <span class='ocrx_word' id='word_1_295' title='bbox 2168 3996 2315 4064; x_wconf 86' lang='lat' dir='ltr'>VIII,</span> <span class='ocrx_word' id='word_1_296' title='bbox 2358 3996 2404 4062; x_wconf 88' lang='lat'>1,</span> <span class='ocrx_word' id='word_1_297' title='bbox 2441 3996 2489 4048; x_wconf 99' lang='lat'>4.</span> <span class='ocrx_word' id='word_1_298' title='bbox 2541 3996 2584 4063; x_wconf 94' lang='grc' dir='ltr'>Ι,</span> <span class='ocrx_word' id='word_1_299' title='bbox 2623 3997 2673 4061; x_wconf 88' lang='lat'>4,</span> <span class='ocrx_word' id='word_1_300' title='bbox 2715 3998 2768 4054; x_wconf 88' lang='lat'>3.</span> 
     </span>
     <span class='ocr_line' id='line_1_36' title="bbox 636 4081 2705 4152; baseline 0.001 -18"><span class='ocrx_word' id='word_1_301' title='bbox 636 4082 681 4152; x_wconf 77' lang='lat'>4)</span> <span class='ocrx_word' id='word_1_302' title='bbox 753 4100 808 4151; x_wconf 89' lang='lat' dir='ltr'>p.</span> <span class='ocrx_word' id='word_1_303' title='bbox 846 4084 932 4137; x_wconf 84' lang='lat'>32.</span> <span class='ocrx_word' id='word_1_304' title='bbox 982 4083 1067 4136; x_wconf 89' lang='lat' dir='ltr'>ed.</span> <span class='ocrx_word' id='word_1_305' title='bbox 1102 4082 1265 4151; x_wconf 79' lang='lat' dir='ltr'>Jahn.</span> <span class='ocrx_word' id='word_1_306' title='bbox 1443 4082 1486 4150; x_wconf 87' lang='lat'>⁵)</span> <span class='ocrx_word' id='word_1_307' title='bbox 1560 4081 1719 4135; x_wconf 72' lang='lat' dir='ltr'>Rom.</span> <span class='ocrx_word' id='word_1_308' title='bbox 1753 4081 2151 4151; x_wconf 88' lang='lat' dir='ltr'>Forschungen</span> <span class='ocrx_word' id='word_1_309' title='bbox 2184 4084 2227 4136; x_wconf 96' lang='grc' dir='ltr'><strong>Ι.</strong></span> <span class='ocrx_word' id='word_1_310' title='bbox 2401 4082 2450 4150; x_wconf 66' lang='grc' dir='ltr'>Β)</span> <span class='ocrx_word' id='word_1_311' title='bbox 2522 4082 2579 4151; x_wconf 90' lang='grc' dir='ltr'>Ι,</span> <span class='ocrx_word' id='word_1_312' title='bbox 2615 4086 2705 4137; x_wconf 85' lang='grc'><strong>52.</strong></span> 
     </span>
    </p>

    <p class='ocr_par' dir='ltr' id='par_1_5' title="bbox 636 4168 2772 4329">
     <span class='ocr_line' id='line_1_37' title="bbox 636 4168 2770 4241; baseline -0.001 -17"><span class='ocrx_word' id='word_1_313' title='bbox 636 4173 681 4241; x_wconf 78' lang='lat'>⁷)</span> <span class='ocrx_word' id='word_1_314' title='bbox 754 4171 824 4226; x_wconf 91' lang='lat' dir='ltr'>de</span> <span class='ocrx_word' id='word_1_315' title='bbox 856 4173 973 4226; x_wconf 88' lang='lat' dir='ltr'>nat.</span> <span class='ocrx_word' id='word_1_316' title='bbox 1008 4170 1157 4226; x_wconf 86' lang='lat' dir='ltr'>deor.</span> <span class='ocrx_word' id='word_1_317' title='bbox 1193 4170 1272 4238; x_wconf 90' lang='lat' dir='ltr'>II,</span> <span class='ocrx_word' id='word_1_318' title='bbox 1312 4172 1374 4238; x_wconf 84' lang='lat'>3,</span> <span class='ocrx_word' id='word_1_319' title='bbox 1413 4171 1464 4224; x_wconf 91' lang='lat'>7.</span> <span class='ocrx_word' id='word_1_320' title='bbox 1529 4168 1599 4222; x_wconf 87' lang='lat' dir='ltr'>de</span> <span class='ocrx_word' id='word_1_321' title='bbox 1634 4168 1805 4223; x_wconf 87' lang='lat' dir='ltr'>divin.</span> <span class='ocrx_word' id='word_1_322' title='bbox 1839 4168 1891 4238; x_wconf 90' lang='lat'>1,</span> <span class='ocrx_word' id='word_1_323' title='bbox 1933 4172 2027 4238; x_wconf 90' lang='lat'>16,</span> <span class='ocrx_word' id='word_1_324' title='bbox 2065 4172 2152 4224; x_wconf 87' lang='grc'>29.</span> <span class='ocrx_word' id='word_1_325' title='bbox 2207 4171 2285 4239; x_wconf 90' lang='lat' dir='ltr'>II,</span> <span class='ocrx_word' id='word_1_326' title='bbox 2322 4172 2385 4224; x_wconf 88' lang='lat'>8.</span> <span class='ocrx_word' id='word_1_327' title='bbox 2422 4171 2507 4225; x_wconf 90' lang='grc'>20.</span> <span class='ocrx_word' id='word_1_328' title='bbox 2543 4170 2639 4238; x_wconf 87' lang='lat'>33,</span> <span class='ocrx_word' id='word_1_329' title='bbox 2675 4171 2770 4225; x_wconf 88' lang='lat'>41.</span> 
     </span>
     <span class='ocr_line' id='line_1_38' title="bbox 637 4255 2772 4329; baseline -0.002 -15"><span class='ocrx_word' id='word_1_330' title='bbox 637 4258 686 4329; x_wconf 80' lang='grc'>8)</span> <span class='ocrx_word' id='word_1_331' title='bbox 759 4257 919 4325; x_wconf 87' lang='lat' dir='ltr'>VIII,</span> <span class='ocrx_word' id='word_1_332' title='bbox 962 4258 1044 4312; x_wconf 83' lang='lat'>15.</span> <span class='ocrx_word' id='word_1_333' title='bbox 1292 4256 1339 4328; x_wconf 65' lang='lat'>9)</span> <span class='ocrx_word' id='word_1_334' title='bbox 1412 4255 1482 4314; x_wconf 83' lang='lat' dir='ltr'>fr.</span> <span class='ocrx_word' id='word_1_335' title='bbox 1517 4258 1616 4325; x_wconf 81' lang='lat'>43,</span> <span class='ocrx_word' id='word_1_336' title='bbox 1654 4257 1741 4312; x_wconf 80' lang='lat'>33.</span> <span class='ocrx_word' id='word_1_337' title='bbox 1791 4256 1876 4315; x_wconf 73' lang='lat' dir='ltr'>ed.</span> <span class='ocrx_word' id='word_1_338' title='bbox 1912 4257 2163 4313; x_wconf 87' lang='lat' dir='ltr'>Dindorf.</span> <span class='ocrx_word' id='word_1_339' title='bbox 2376 4258 2445 4326; x_wconf 78' lang='lat' dir='ltr'>l⁰)</span> <span class='ocrx_word' id='word_1_340' title='bbox 2518 4257 2772 4327; x_wconf 84' lang='lat' dir='ltr'>perioch.</span> 
     </span>
    </p>
   </div>
   <div class='ocr_carea' id='block_1_5' title="bbox 3059 0 3080 4978">
    <p class='ocr_par' dir='ltr' id='par_1_6' title="bbox 3059 0 3080 4978">
     <span class='ocr_line' id='line_1_39' title="bbox 3059 0 3080 4978; baseline 0 0"><span class='ocrx_word' id='word_1_341' title='bbox 3059 0 3080 4978; x_wconf 95' lang='lat' dir='ltr'> </span> 
     </span>
    </p>
   </div>
  </div>
 </body>
</html>
