3088 5021
1479 347 1554 408 15

359 528 469 573 res
509 527 551 572 a
593 507 898 574 Romanis
944 513 1155 594 gestas
1196 510 1531 575 exornavit
1576 512 1771 593 atque
1814 508 2028 589 auxit,
2090 506 2254 574 alias
2301 510 2667 572 memoratu

363 609 770 693 dignissimas
818 632 1156 697 perperam
1201 611 1435 679 omisit.

543 710 638 777 De
672 713 960 797 Appiano
983 763 999 792 ‚
1045 714 1124 780 de
1169 736 1296 800 quo
1340 734 1512 781 nunc
1556 730 1767 799 pauca
1807 710 2164 796 proferam,
2213 709 2424 776 adhuc
2466 709 2666 776 homi—

344 834 473 878 nes
516 814 687 878 docti
730 815 1153 899 dissentiunt,
1229 817 1343 882 alii
1380 821 1432 898 ¹)
1497 815 1664 882 nihil
1721 814 1844 879 'nisi
1886 813 2163 879 Graecos
2217 816 2515 878 auctores
2571 810 2654 879 ab

224 989 247 1003 ἠ
366 937 449 980 eo
493 915 815 983 adhibitos
861 939 998 985 esse
1044 919 1477 1001 contendunt,
1549 939 1695 983 cum
1749 916 2011 1000 linguae
2067 916 2340 981 Latinae
2397 915 2668 997 ignarus

367 1017 604 1099 fuerit3
659 1019 773 1084 alii
822 1040 967 1086 eum
998 1021 1434 1088 Romanorum
1480 1041 1733 1106 quoque
1778 1018 1961 1084 libris
2009 1040 2194 1084 usum
2239 1038 2378 1085 esse
2423 1017 2666 1083 dicunt.

368 1119 453 1185 In.
494 1119 664 1185 bello
711 1120 951 1205 Punico
1008 1123 1218 1208 primo
1264 1122 1665 1203 enarrando,
1740 1122 1794 1185 si
1838 1120 2192 1205 Niebuhrio
2227 1124 2285 1205 2)
2316 1120 2668 1201 credimus,

359 1222 629 1288 Fabium
661 1224 1006 1305 Pictorem,
1051 1227 1120 1291 in
1165 1230 1342 1311 temp
1361 1226 1578 1293 oribus
1608 1244 1773 1309 quae
1817 1222 2246 1308 praecedunt,
2293 1223 2667 1307 Dionysium

362 1324 1024 1407 Halicarnassensem,
1098 1329 1167 1393 in
1228 1330 1309 1393 iis
1376 1350 1542 1414 quae
1605 1332 1960 1411 sequuntur
1980 1376 1995 1406 ,
2069 1325 2405 1410 Polybium
2469 1330 2684 1408 atque.

362 1426 768 1492 Posidonium
813 1435 1069 1494 secutus
1112 1435 1251 1512 est;
1333 1430 1714 1497 Hannakius
1757 1449 2009 1514 quoque
2067 1427 2346 1494 affirmat
2417 1426 2649 1508 Diony-

362 1526 526 1593 sium
593 1529 1229 1596 Halicarnassensem
1294 1533 1670 1617 plerumque
1728 1531 1809 1597 ab
1878 1531 2169 1615 Appiano
2222 1549 2360 1595 esse
2414 1527 2665 1594 adhibi-

359 1636 528 1709 tum,
577 1630 655 1696 de
699 1633 928 1698 ceteris
958 1634 1237 1718 Appiani
1279 1635 1567 1702 fontibus
1612 1640 1853 1700 certam
1897 1632 2222 1718 quandam
2269 1633 2682 1698 sententiam·

360 1733 648 1817 proferre
694 1756 823 1800 non
866 1741 1156 1802 conatur.
1258 1738 1418 1803 Mihi
1462 1738 1721 1821 quidem
1767 1757 1974 1819 neque
2020 1735 2410 1801 Niebuhrius
2454 1755 2663 1818 neque

366 1835 748 1902 Hannakius
793 1845 965 1904 recte
1010 1840 1393 1905 contendere
1435 1840 1763 1916 videntur,
1824 1839 1989 1903 Livii
2034 1858 2195 1922 opus
2239 1836 2320 1902 ab
2368 1837 2665 1922 Appiano
2707 1840 2716 1845 “

357 1957 494 2003 esse
539 1939 841 2005 omissum
865 1990 880 2020 ‚
957 1961 1104 2007 nam
1151 1942 1275 2007 etsi
1329 1942 1663 2007 Hadriano
1709 1946 1774 2006 et
1818 1939 2144 2006 Antonino
2189 1939 2303 2004 Pio
2346 1939 2664 2024 imperan-

373 2040 544 2105 tibus
577 2042 826 2108 Graeca
871 2042 1090 2127 lingua
1120 2045 1362 2110 Romae
1403 2045 1472 2108 in
1516 2064 1752 2128 magno
1801 2043 1999 2108 fuerit
2025 2048 2343 2125 usuatque
2387 2041 2648 2122 honore,

357 2146 576 2208 tamen
621 2145 735 2227 qui
776 2147 846 2211 in
891 2147 1179 2213 Romano
1224 2146 1495 2231 imperio
1536 2167 1803 2212 munere
1848 2145 2107 2213 functus
2149 2149 2284 2224 est,
2331 2144 2661 2209 Romanae

365 2246 622 2329 linguae
664 2249 963 2331 ignarum
1008 2249 1201 2316 fuisse
1246 2271 1392 2315 eum
1424 2250 1696 2315 'credere
1740 2270 1868 2315 non
1914 2269 2192 2333 possum.
2322 2248 2664 2312 Praeterea

360 2349 683 2434 permulta
727 2357 986 2418 exstant
1026 2353 1349 2438 exempla,
1400 2352 1468 2417 in
1518 2352 1753 2437 quibus
1785 2352 2005 2418 Livius
2050 2356 2115 2416 et
2145 2348 2476 2434 Appianus
2522 2368 2663 2414 eas-

361 2451 505 2518 dem
566 2473 669 2519 res
730 2452 966 2522 eisdem
1029 2456 1166 2523 fere
1234 2455 1445 2523 verbis
1507 2455 1819 2534 tradunt,
1908 2460 2124 2519 tamen
2181 2451 2567 2518 Hannakius
2595 2451 2661 2538 3)

247 2549 252 2553 ’
362 2576 612 2624 summa
665 2563 807 2623 arte
864 2564 1060 2644 atque
1115 2559 1477 2625 subtilitate
1538 2558 1810 2625 Fabium
1872 2558 2205 2623 amborum
2273 2557 2660 2641 scriptorum

361 2678 497 2724 esse
541 2658 784 2726 fontem
814 2663 1149 2728 ostendere
1179 2662 1447 2728 studuit.
1534 2661 1804 2727 Praeter
1831 2658 2085 2725 Livium
2117 2658 2474 2725 Diodorum
2505 2677 2660 2742 quo-

360 2783 486 2845 que
539 2783 729 2847 saepe
788 2774 1044 2830 secutus
1098 2785 1236 2831 esse
1291 2764 1546 2831 videtur
1602 2764 1935 2848 Appianus
1964 2766 2045 2845 4).
2175 2761 2372 2827 Recte
2444 2766 2660 2826 autem

362 2863 743 2930 Hannakius
799 2868 1199 2934 contendisse
1253 2866 1411 2932 mihi
1465 2866 1752 2945 videtur,
1829 2866 1897 2930 in
1958 2862 2435 2930 narrationibus
2490 2883 2659 2929 com·

356 2967 671 3051 ponendis
732 2969 814 3035 ab
861 2970 1151 3055 Appiano
1197 2990 1396 3034 unum
1423 2974 1769 3050 ,auctorem
1827 2966 2230 3052 potissimum
2285 2986 2422 3032 esse
2478 2964 2657 3031 adhi—

358 3068 565 3135 bitum
591 3120 606 3150 ,
681 3073 942 3156 eiusque
1004 3072 1442 3139 narrationem
1509 3075 1628 3137 aut
1682 3070 1767 3136 ad
1833 3069 2098 3135 verbum
2162 3068 2550 3153 exscriptam
2582 3071 2659 3151 ⁵),

357 3177 475 3237 aut
517 3179 907 3255 coartatam,
981 3181 1096 3240 aut
1140 3175 1482 3241 dilatatam
1513 3175 1571 3253 ⁶)
1599 3224 1617 3255 ,
1689 3178 1806 3239 aut
1849 3170 2186 3238 confusam
2218 3173 2275 3254 ⁷)
2331 3190 2467 3237 esse
2512 3191 2657 3236 cum

357 3276 836 3342 narrationibus
860 3327 875 3356 ‚
936 3298 1100 3360 quas
1142 3298 1223 3342 ex
1250 3277 1414 3342 aliis
1457 3276 1880 3360 scriptoribus
1923 3274 2230 3340 hauserit.

531 3378 624 3444 De
668 3379 947 3464 Appiani
1008 3379 1393 3446 auctoritate
1454 3379 1666 3445 adhuc
1724 3384 1969 3443 certum
2032 3376 2341 3443 iudicium
2383 3375 2657 3460 proferri

358 3501 484 3546 non
526 3487 781 3566 potest3
855 3483 934 3548 de
977 3484 1054 3548 A.
1100 3483 1307 3551 Gellio
1351 3489 1571 3551 autem
1594 3533 1609 3564 ,
1657 3475 1794 3567 'qui
1841 3480 2137 3566 Appiano
2159 3477 2472 3562 'aequalis
2516 3478 2657 3559 fuit,

500 3708 544 3781 ¹)
617 3709 720 3765 cfr.
754 3708 1048 3765 Niebuhrii
1083 3710 1301 3767 scholas
1337 3711 1571 3767 demist.
1607 3710 1765 3765 Rom.
1808 3710 1895 3765 ed.
1927 3711 2081 3764 Isler.
2128 3710 2185 3777 I,
2247 3725 2301 3778 p.
2338 3710 2426 3763 20.
2464 3711 2550 3765 60.

615 3796 882 3868 Hannak,
919 3799 1204 3868 Appianus
1238 3801 1354 3855 und
1390 3800 1543 3855 scine
1578 3798 1825 3867 Quellen.
1898 3798 2059 3853 Wien
2101 3800 2257 3852 1869.

498 3882 546 3951 2)
616 3883 652 3937 1.
698 3884 737 3940 1.
798 3902 850 3953 p.
890 3888 961 3940 20
997 3891 1053 3941 et
1088 3890 1172 3941 60.
1430 3887 1476 3956 3)
1549 3888 1588 3940 1.
1630 3888 1669 3939 1.
1721 3904 1776 3955 p.
1812 3886 1882 3940 45
1921 3900 2032 3954 seq.

493 3971 537 4040 ⁴)
609 3972 718 4027 cfr.
756 3972 992 4043 Appian.
1029 3975 1213 4029 Samn.
1255 3974 1323 4029 fr.
1365 3975 1431 4028 10
1472 3977 1530 4028 et
1564 3973 1787 4030 Diodor.
1823 3973 1998 4040 XXII,
2038 3974 2125 4037 14,
2170 3972 2251 4025 14.
2280 3999 2346 4011 --
2417 3970 2656 4042 ΑΡΡί611.

351 4055 418 4110 fr.
458 4060 523 4113 12
583 4063 640 4114 et
701 4060 869 4115 Diod.
904 4062 1144 4132 XXVII,
1184 4063 1234 4116 5.
1274 4092 1339 4102 --
1410 4062 1649 4132 Appian.
1686 4062 1867 4117 Samn.
1905 4060 1973 4116 fr.
2013 4063 2048 4115 2
2087 4063 2144 4115 et
2183 4058 2303 4115 Liv.
2340 4059 2461 4130 VII,
2496 4062 2547 4116 4.
2586 4088 2653 4100 -

354 4146 592 4214 Appian.
632 4147 815 4205 Samn.
853 4148 923 4203 fr.
962 4153 993 4201 2
1055 4153 1114 4204 et
1144 4149 1264 4206 Liv.
1304 4149 1549 4221 V111,.4‚
1613 4150 1741 4205 alia.

495 4233 543 4302 5)
613 4234 712 4289 cfr.
745 4237 985 4291 Hannak
1018 4238 1058 4293 l.
1100 4238 1136 4290 1.
1172 4256 1227 4308 p.
1264 4239 1352 4294 29.
1610 4238 1656 4307 ὃ)
1726 4235 1827 4293 cfr.
1862 4234 2099 4291 Hannak
2133 4235 2170 4289 1.
2205 4234 2244 4290 1.
2297 4249 2354 4305 p.
2390 4237 2478 4290 40.

492 4321 540 4391 ⁷)
612 4323 712 4378 cfr.
747 4324 983 4380 Hannak
1016 4325 1052 4378 1.
1086 4325 1124 4379 1.
1171 4342 1225 4394 p.
1263 4327 1328 4380 31
1368 4328 1426 4380 et
1462 4326 1549 4380 35.
