3088 5021
1528 370 1614 433 56

407 518 693 599 Zonaras
729 532 780 617 ¹)
824 552 1078 617 quoque
1131 533 1380 612 tradit,
1454 536 1785 601 consulem
1828 540 2227 603 metuentem
2272 555 2358 600 ne
2407 548 2781 600 successor

405 635 508 700 sui
551 634 794 701 laboris
836 635 1084 700 fructus
1126 636 1521 720 perciperet,
1569 636 1848 704 libenter
1890 638 2270 704 obsecutum
2314 658 2461 702 esse
2509 632 2779 699 Poenis

405 758 633 823 pacem
702 736 1088 820 petentibus,
1228 738 1547 803 Diodorus
1580 742 1637 820 ²)
1683 745 1751 804 et
1794 739 2128 806 Cornelios
2172 739 2392 824 Nepos
2434 740 2494 824 3)
2549 733 2779 801 Phili·

407 862 565 905 num
610 838 886 905 fortasse
930 839 1176 918 secuti,
1251 847 1577 919 narrant,·
1633 842 1966 907 Lutatium
2025 862 2296 925 negasse
2357 862 2429 906 se
2498 836 2776 904 bellum

407 942 918 1027 compositurum
961 960 1130 1021 esse,
1185 943 1310 1007 nisi
1358 942 1690 1008 Hamilcar
1732 966 1876 1009 cum
1921 945 2122 1028 copiis
2166 945 2300 1009 suis
2345 943 2471 1008 sub
2520 942 2772 1023 iugum

406 1046 813 1122 mitteretur,
889 1045 1001 1108 sed
1044 1064 1191 1108 cum
1239 1043 1347 1108 hic
1400 1046 1823 1128 pertinaciter
1863 1046 2045 1111 illam
2091 1045 2529 1127 ignominiam
2561 1041 2773 1106 refu·

408 1147 721 1225 tavisset,
795 1146 1061 1210 cessisse
1105 1146 1444 1210 Lutatium
1494 1147 1868 1211 Hamilcari.
1976 1146 2233 1226 Livius,
2301 1147 2417 1230 qui
2466 1145 2769 1210 Fabium

302 1310 306 1314 Α
406 1254 527 1323 aut
582 1253 758 1313 certe
803 1247 1168 1313 Romanum
1213 1248 1538 1331 quendam
1585 1255 1926 1313 auctorem‘
1959 1248 2299 1328 adhibuit,
2379 1248 2465 1314 de
2514 1247 2764 1313 eadem

354 1414 357 1415 γ
407 1373 483 1418 re
544 1346 707 1416 haec
766 1349 965 1414 verba
1029 1348 1186 1413 facit
1216 1351 1319 1432 ⁴):
1395 1348 1617 1430 „licuit
1673 1350 1756 1415 ad
1805 1350 2070 1434 Erycem
2132 1350 2389 1417 clausos
2436 1388 2527 1399 —
2573 1349 2768 1414 fame

408 1452 778 1520 interficere
821 1488 910 1501 -
965 1450 1220 1516 veniam
1275 1450 1572 1516 dedimus
1630 1451 2044 1536 precantibus
2088 1487 2204 1533 ——q
2236 1453 2592 1518 omisimus
2665 1472 2759 1516 ex
2800 1452 2812 1461 '

409 1555 803 1624 obsidione.“

585 1657 681 1722 De
726 1654 910 1740 pacis
951 1651 1432 1718 conditionibus
1479 1659 1777 1721 auctores
1819 1677 1944 1721 non
1988 1678 2256 1741 prorsus
2286 1644 2756 1733 consentiunt,

410 1765 615 1845 atque
658 1755 966 1845 Polybius
1009 1756 1145 1839 ipse
1204 1756 1269 1819 in
1314 1756 1525 1839 primo
1574 1758 1783 1840 operis
1829 1757 1993 1823 libro
2027 1762 2084 1841 ⁵)
2128 1780 2257 1825 non
2305 1778 2537 1823 omnes
2588 1756 2756 1821 illas

409 1862 593 1950 pacis
646 1857 1049 1924 conditiones
1108 1857 1366 1936 attulit,
1435 1877 1597 1940 quas
1652 1859 1718 1921 in
1776 1861 1969 1925 tertio
2027 1860 2194 1925 libro
2227 1862 2285 1943 6)
2346 1879 2761 1926 commemo-

405 1964 623 2043 ravit,
698 1959 811 2025 ubi
871 1959 1086 2022 omnia
1129 1959 1569 2023 Romanorum
1629 1964 1695 2024 et
1739 1961 2091 2027 Poenorum
2136 1963 2403 2028 foedera
2449 1984 2534 2027 ex
2580 1961 2760 2047 ipsis

410 2062 822 2134 documentis
866 2059 1108 2123 retulit.

587 2164 855 2231 Orosius
885 2164 946 2242 ⁷)
1007 2152 1184 2245 pacis
1227 2159 1632 2225 conditiones
1688 2161 1807 2227 has
1850 2162 2074 2241 affert:
2153 2171 2268 2247 „ut
2311 2165 2543 2231 Sicilia
2590 2165 2761 2230 Sar-

410 2268 725 2351 diniaque
769 2262 1155 2330 decederent
1198 2261 1431 2339 Poeni,
1505 2283 1749 2345 proque
1790 2264 2099 2349 impensis
2142 2267 2387 2333 bellicis
2432 2268 2589 2352 puri
2639 2288 2759 2332 ar-

409 2371 593 2458 genti
651 2368 784 2433 tria
837 2364 1021 2429 milia
1080 2363 1477 2427 talentorum
1534 2362 1960 2431 Euboicorum
2028 2370 2253 2453 aequis
2309 2369 2761 2454 pensionibus

410 2495 532 2561 per
587 2488 796 2536 annos
842 2465 967 2533 XX
1021 2465 1438 2549 penderent.“
1555 2463 1696 2530 Hoc
1750 2466 1889 2534 loco
1934 2468 2227 2551 Orosius,
2314 2477 2391 2539 ut
2434 2471 2766 2538 Woelffli-

409 2578 565 2645 nius
596 2575 657 2654 8,)
715 2568 1038 2647 affirmat,
1112 2571 1394 2651 epitoma
1440 2564 1721 2649 quadam
1770 2569 1971 2635 Caelii
2018 2573 2350 2658 Antipatri
2414 2581 2519 2641 est
2562 2596 2761 2647 usus,

409 2676 593 2767 quod
638 2671 855 2736 Orosii
907 2669 1196 2734 narratio
1254 2688 1529 2752 prorsus
1576 2678 1888 2752 repugnet
1944 2672 2107 2739 Livii
2153 2676 2368 2743 verbis
2399 2680 2461 2758 9)
2524 2676 2766 2743 Sardi·

409 2783 597 2848 niam
655 2772 887 2839 fraude
945 2769 1385 2835 Romanorum
1442 2769 1866 2854 interceptum
1926 2795 2080 2839 esse.
2215 2780 2303 2844 At
2347 2778 2478 2844 illis
2526 2780 2763 2846 verbis

408 2882 642 2951 Livius
685 2895 817 2940 non
862 2891 1044 2936 suam
1088 2872 1200 2936 sed
1246 2870 1634 2935 Hannibalis
1679 2876 2062 2940 sententiam
2106 2881 2469 2963 proposuit,
2515 2903 2745 2966 neque

405 2987 697 3053 fortasse
740 2977 877 3059 ipse
923 2993 1000 3038 ea
1044 2973 1472 3056 excogitavit,
1547 2971 1658 3036 sed
1703 2995 1738 3038 e
1784 2976 2043 3060 Polybio
2087 2987 2429 3046 mutuatus
2474 2991 2578 3048 est
2618 2987 2761 3079 ¹⁰)3

405 3088 761 3175 praeterea
825 3074 1056 3140 mirum
1122 3080 1254 3154 est,
1331 3072 1502 3156 quod
1563 3072 1856 3156 Orosius,
1933 3081 2044 3162 qui
2109 3081 2179 3146 iu
2244 3083 2419 3149 bello
2491 3085 2762 3153 Punico
2833 3072 2846 3078 “

407 3180 790 3258 enarrando
854 3197 1050 3242 unum
1113 3176 1371 3241 Livium
1442 3182 1701 3240 secutus
1773 3185 1901 3256 est,
1974 3182 2425 3265 conditiones,
2504 3189 2765 3271 quibus

405 3288 664 3358 bellum
721 3282 1142 3363 compositum
1201 3285 1331 3356 est,
1405 3298 1440 3342 e
1488 3276 1707 3342 Caelio
1753 3281 2094 3365 Antipatro
2136 3285 2431 3354 hausisse
2480 3290 2764 3361 dicitur.

406 3394 568 3477 Ipsa
615 3388 836 3448 autem
881 3381 1045 3447 Livii
1086 3382 1287 3447 verba
1323 3384 1442 3457 Ι1),
1508 3399 1674 3461 quae
1719 3381 2138 3449 Woelfflinius
2182 3394 2765 3471 commemoravit,

408 3487 758 3561 ostendere
814 3484 970 3549 mihi
1025 3484 1362 3561 videntur,
1439 3501 1479 3544 a
1523 3481 1703 3546 Livio
1760 3485 1938 3566 pacis
1978 3487 2383 3555 conditiones
2431 3492 2557 3557 has
2606 3516 2768 3562 esse

407 3593 954 3663 commemoratas
1005 3594 1082 3651 ut
1129 3582 1696 3664 Carthaginienses
1740 3584 1956 3650 Sicilia
2007 3594 2074 3652 et
2119 3589 2426 3658 Sardinia
2473 3583 2770 3664 decede-

406 3699 580 3764 rent.
672 3688 887 3754 Etiam
947 3686 1287 3782 Ampelius
1318 3686 1436 3765 ¹2),
1508 3684 1619 3767 qui
1652 3735 1668 3765 ,
1756 3691 1830 3751 ut
1901 3686 2075 3753 inter
2142 3712 2364 3760 omnes
2442 3692 2766 3771 homines

553 3899 600 3968 1)
675 3894 830 3965 VIII,
872 3899 953 3951 17.
1097 3897 1149 3962 2)
1222 3891 1424 3959 XXIV,
1463 3891 1543 3943 13.
1705 3891 1748 3961 ³)
1819 3892 1878 3946 in
1910 3893 2025 3948 vita
2060 3896 2397 3955 Hamilcaris
2451 3920 2503 3960 c.
2550 3907 2610 3975 1,
2660 3910 2718 3964 5.
2769 3913 2782 3932 ²

554 3986 603 4056 4)
676 3982 837 4052 XXI,
874 3988 960 4041 41·
1138 3980 1187 4051 5)
1261 3979 1311 4047 Ι,
1351 3981 1449 4043 62,
1487 3979 1643 4032 7—9.
1681 3980 1778 4047 63,
1819 3982 1869 4032 4.
2045 3983 2093 4052 6)
2164 3986 2271 4056 III,
2309 3992 2399 4044 27.

546 4074 596 4146 ⁷)
668 4069 763 4139 IV
808 4072 888 4126 11
1016 4111 1021 4115 ,
1090 4071 1140 4137 8)
1214 4064 1525 4122 Antiochus
1557 4080 1665 4118 von
1701 4019 1941 4134 Sy’rakus
1973 4069 2090 4125 und
2124 4071 2310 4128 Calius
2346 4077 2680 4150 Antipater,

411 4164 566 4219 1872,
619 4178 675 4232 p.
714 4160 800 4213 40.
840 4163 927 4218 79
1100 4159 1146 4229 9)
1223 4153 1386 4222 XXI,
1428 4153 1487 4220 1,
1526 4152 1575 4205 5.
1719 4153 1785 4219 ¹⁰)
1856 4153 1956 4209 cfr.
1995 4155 2189 4228 Polyb.
2225 4162 2338 4233 111,
2382 4166 2479 4236 10,
2532 4169 2580 4221 1.
2627 4172 2719 4240 15,

411 4250 496 4306 16.
681 4246 752 4312 11)
824 4248 925 4303 cfr.
957 4250 1080 4304 Liv.
1117 4242 1285 4311 XXI,
1323 4242 1423 4310 40,
1438 4192 1515 4294 ¹5·
1584 4239 1769 4311 XXII,
1810 4241 1908 4312 54,
1948 4244 2031 4298 ll
2211 4249 2279 4314 12)
2353 4251 2416 4305 in
2454 4252 2596 4311 libri
2634 4274 2767 4315 me·

404 4335 657 4393 morialis
711 4348 761 4390 o
796 4333 971 4398 XLVI
984 4378 999 4408 ,
1041 4339 1094 4392 2.
