3088 5021
1496 342 1575 404 12

2349 460 2364 483 Ι

392 504 751 571 Romanam
804 505 1181 591 conscripsit
1197 555 1213 588 ,
1287 525 1417 590 qua
1469 527 1540 573 re
1593 506 1837 573 factum
1893 511 2025 588 est,
2100 511 2175 573 ut
2228 525 2708 589 nonnunquam

389 608 675 690 graviter
718 608 1050 673 erraverit.
2015 610 2020 613 ’

559 737 802 802 Tamen
865 736 1054 802 valde
1111 736 1456 804 dolendum
1523 743 1659 818 est,
1736 720 1909 822 q'uod
1966 756 2001 801 e
2058 736 2224 802 Livii
2289 735 2473 802 fibris
2533 738 2707 803 nihil

387 838 558 924 quod
628 839 712 904 ad
777 838 1013 904 bellum
1082 840 1392 904 Punicum
1458 841 1743 924 primum
1806 839 2125 923 pertinet,
2201 844 2531 904 servatum
2579 845 2706 922 est,

386 941 512 1007 nisi
568 942 884 1025 epitomae
937 941 1248 1006 librorum
1293 942 1479 1018 XVI,
1527 942 1750 1021 XVII:
1793 941 2044 1020 XVIII,
2092 940 2281 1016 XIX,
2348 941 2417 1004 in
2443 930 2709 1024 quibus

385 1041 592 1109 multa
635 1044 902 1122 omissa,
950 1043 1266 1127 quaedam
1309 1034 1466 1108 tam‘
1488 1063 1649 1126 vage
1693 1046 1845 1108 sunt
1887 1043 2127 1127 scripta
2154 1092 2169 1123 ,
2214 1046 2289 1106 ut
2330 1042 2485 1107 inde
2530 1042 2705 1108 Livii

385 1145 770 1211 sententiam
814 1165 1193 1228 cognoscere
1225 1146 1332 1209 vix
1377 1144 1602 1229 possis.
1692 1144 1787 1209 De
1833 1146 2142 1228 scriptore
2185 1143 2450 1209 illarum
2492 1145 2701 1228 epito-

384 1246 638 1312 marum
694 1252 940 1312 certum
1001 1248 1248 1331 aliquid
1312 1247 1586 1312 iudicari
1645 1267 1775 1312 non
1838 1250 2051 1330 potest
2088 1246 2182 1324 ¹);
2270 1265 2422 1310 nam
2469 1266 2704 1330 quam-

384 1369 580 1433 quam
626 1348 903 1415 Cobetus
936 1350 993 1431 2)
1054 1349 1294 1433 aliique
1362 1349 1655 1415 homines
1719 1349 1921 1427 docti,
2008 1352 2083 1412 ut
2148 1347 2595 1413 demonstrent
2658 1368 2703 1412 a

383 1450 565 1518 Livio
624 1451 761 1535 ipso
805 1470 944 1516 esse
987 1452 1381 1535 conscriptas
1437 1450 1584 1515 illas
1640 1449 2004 1534 periochas,
2080 1448 2413 1532 Polybium
2462 1454 2703 1514 testem

383 1553 700 1632 cit-arunt,
775 1553 885 1636 qui
915 1555 971 1629 3)
1029 1573 1097 1617 se
1160 1553 1369 1637 ipsum
1430 1558 1628 1636 atque
1682 1553 1843 1617 alios
1900 1552 2296 1634 antiquiores
2356 1551 2703 1617 historicos

382 1654 566 1720 libris
623 1654 755 1719 suis
827 1655 1176 1720 summaria
1241 1650 1684 1740 (προγραφεὶς)
1715 1655 2150 1739 'praemisisse
2210 1653 2396 1732 dicit,
2473 1658 2698 1718 tamen

381 1755 542 1821 mihi
586 1756 973 1839 persuadere
1017 1777 1145 1821 non
1189 1778 1467 1840 possum,
1513 1757 1662 1821 illas
1706 1757 1785 1821 de
1809 1757 1877 1820 T.
1902 1756 2066 1822 Livii
2098 1777 2288 1840 opere
2334 1756 2697 1840 periochae,

381 1878 551 1944 qnae
606 1878 777 1923 nunc
821 1863 1113 1936 exstant,
1189 1857 1269 1922 ab
1329 1859 1468 1942 ipso
1516 1858 1697 1924 Livio
1751 1879 1887 1923 esse
1946 1858 2254 1943 scriptas3
2344 1859 2458 1942 qui
2514 1859 2697 1942 operi

369 1981 497 2026 ,suo
542 1960 962 2024 summarium
1018 1959 1411 2042 praemittit,
1486 1980 1619 2037 reS,
1688 1981 1853 2044 quae
1897 1960 1962 2024 in
2007 1981 2199 2044 opere
2243 1961 2383 2044 ipso
2430 1983 2691 2026 accura-

296 2072 299 2075 '
378 2063 512 2128 tius
556 2068 895 2127 enarratae
940 2067 1122 2140 sunt,
1195 2062 1262 2125 in
1323 2063 1674 2152 summario
1718 2061 2001 2126 breviter
2045 2082 2547 2130 commemorare
2594 2046 2698 2130 soss

378 2165 505 2243 let,
566 2164 905 2256 periochae
949 2169 1198 2243 autem,
1246 2183 1413 2247 quae
1457 2163 1759 2228 dicuntur
1789 2163 2094 2228 Livianae
2115 2214 2130 2242 ,
2174 2164 2554 2251 plerumque
2601 2168 2701 2232 ita

379 2271 536 2331 sunt
581 2266 806 2345 exiles,
869 2270 944 2331 ut
987 2265 1086 2329 vel
1129 2285 1258 2342 res,
1324 2285 1491 2349 quae
1536 2266 1768 2330 summi
1812 2272 1963 2331 sunt
2006 2268 2345 2346 momenti,
2418 2273 2485 2332 et
2528 2290 2698 2353 quas

379 2368 602 2434 Livius
645 2369 810 2451 ipse,
859 2371 934 2432 ut
977 2388 1056 2430 ex
1098 2366 1550 2450 scriptoribu8‚
1595 2367 1705 2450 qui
1749 2367 1914 2433 Livii
1954 2368 2150 2457 libros
2194 2372 2701 2455 exscripserunt,

377 2474 684 2555 apparet,
742 2468 994 2553 prolixe
1036 2469 1362 2549 narravit,
1428 2469 1623 2553 plane
1665 2470 1796 2535 sint
1839 2469 2126 2537 omissae.
2646 2464 2649 2466 ⁷

555 2597 668 2663 Sin
725 2604 943 2662 autem
1003 2598 1406 2680 quaerimuS,
1482 2619 1609 2680 quo
1654 2599 1839 2662 modo
1884 2599 2100 2663 Livius
2151 2599 2333 2665 illam
2389 2601 2696 2668 historia-

378 2720 526 2766 rum
573 2699 801 2764 molem
849 2700 1309 2782 composuerit,
1373 2698 1615 2783 optime
1661 2700 1975 2765 Henricus
2019 2697 2248 2766 Nissen
2281 2706 2336 2782 4)
2381 2705 2553 2769 viam
2596 2706 2697 2770 in-

380 2803 630 2868 dicasse
693 2801 850 2866 mibi
916 2800 1202 2879 videtur,
1277 2820 1422 2864 cum
1485 2800 1700 2865 dicat:
1786 2803 1955 2867 inter
2013 2809 2231 2870 omnes
2284 2814 2584 2872 auctores
2655 2829 2700 2873 a

377 2904 563 2970 Livio
613 2902 941 2968 Valerium
1001 2903 1323 2965 Antiatem
1389 2902 1759 2985 saepissime
1818 2924 1954 2968 esse
2018 2905 2420 2971 nominatum
2493 2914 2699 2993 atque

379 3004 1308 3086 acerbissime·vituperatum;
1383 3024 1511 3086 qua
1568 3024 1638 3067 re
1683 3006 1956 3069 coniecit
1999 3006 2366 3086 Nissenius,
2440 3012 2539 3075 vir
2584 3012 2698 3077 do-

245 3177 251 3188 ,
340 3103 347 3107 ‘⁷
378 3106 702 3173 ctissimus
728 3156 743 3185 ,
821 3105 1144 3170 Romanos
1187 3105 1427 3171 Valerii
1473 3106 1757 3170 Antiatis
1818 3106 2055 3173 fabulis
2111 3113 2177 3172 et
2232 3111 2740 3179 iactationibus·

379 3209 739 3275 delectatos
803 3208 942 3272 eius
998 3207 1271 3271 annales
1323 3197 1729 3289 cupidissime
1783 3207 2013 3291 legisse
2039 3259 2055 3289 ,
2132 3212 2353 3295 itaque
2413 3214 2696 3299 Livium,

378 3332 530 3379 cum
588 3309 671 3374 ad
741 3308 1145 3374 scribendam
1204 3307 1539 3373 historiam
1595 3310 1881 3376 animum
1941 3319 2379 3394 converteret,
2448 3312 2734 3386 Valerii'

378 3412 651 3480 annales
707 3412 892 3495 quasi
950 3409 1445 3474 fundamentum
1514 3409 1615 3474 sui
1682 3415 1891 3495 operis
1949 3413 2282 3497 habuisse,
2359 3420 2474 3485 sed
2548 3444 2702 3488 cum

375 3512 726 3602 paullatim
775 3512 1016 3577 Valerii
1062 3510 1400 3575 mendacia
1444 3516 1881 3594 perspexerit,
1930 3536 2076 3581 eum
2123 3520 2532 3601 potissimum
2578 3526 2736 3589 im-‘

374 3635 722 3703 pugnasse.
858 3614 1022 3678 Num
1084 3613 1154 3675 in
1222 3611 1389 3675 bello
1449 3613 1689 3679 Punico
1754 3617 1961 3699 primo
2022 3622 2390 3688 enarrando
2451 3627 2704 3694 Valerii

382 3718 664 3785 Antiatis
718 3715 1154 3780 narrationem
1212 3733 1412 3777 uuam
1472 3722 1728 3781 secutus
1784 3718 1870 3782 sit
1914 3720 2165 3804 Livius,
2242 3725 2417 3792 infra
2462 3729 2704 3797 diiudi-

380 3852 523 3861 ..-.-——-

526 3958 568 4021 ι)
639 3954 740 4010 ofr.
778 3952 823 4007 Ι.
862 3946 1135 4017 Madvigii
1172 3944 1346 4015 praef.
1384 3945 1443 3998 in
1478 3946 1598 4003 Liv.
1643 3948 1776 4004 edit.
1813 3951 1922 4005 vol.
1949 3952 2043 4010 IV.
2089 3959 2219 4024 part
2259 3958 2334 4016 11.
2379 3979 2438 4031 p.
2462 3963 2559 4020 VI.

523 4044 569 4110 2)
640 4042 700 4095 in
753 4051 1140 4104 mnemosynes
1193 4033 1301 4087 vol.
1341 4033 1445 4101 XI,
1491 4035 1572 4087 15.
2029 4037 2032 4044 '

425 4138 440 4155 ·
525 4131 575 4194 3)
645 4128 707 4182 in
748 4127 786 4179 1.
823 4125 928 4192 XI,
975 4140 1022 4177 c.
1066 4124 1112 4174 1.
1164 4120 1251 4174 ed.
1290 4119 1538 4175 Dindorf.

522 4227 568 4296 4)
638 4219 924 4279 Kritische
955 4214 1455 4285 Untersuchungen
1503 4217 1645 4272 iiber
1689 4218 1780 4302 die
1814 4205 2046 4287 Quellen
2093 4224 2195 4279 der
2240 4230 2291 4282 4.
2338 4229 2457 4284 und
2507 4234 2557 4285 5.
2600 4232 2708 4287 De-

325 4309 330 4320 '
380 4316 522 4374 cade
557 4314 657 4370 des
689 4310 895 4366 Livius.
938 4307 1089 4360 1863.
1139 4320 1196 4375 p.
1220 4304 1308 4359 46.

2617 4863 2634 4894 ¹i

2614 4901 2650 4978 ἐκ,
2817 4925 2826 4930 ι
2911 4929 2918 4936 .

2691 4947 2702 4956 o

2629 4961 2678 4978 ,ί
2721 4975 2810 4978 γ,-,,
2849 4967 2926 4978 imm.
