3088 5021
1602 370 1687 432 28

492 529 655 594 mari
698 528 855 593 mihi
900 528 1149 594 videtur
1191 529 1510 599 sententia
1556 550 1733 609 mea,
1808 530 2127 595 Zonaram
2169 531 2268 595 vel
2311 529 2583 596 Dionem
2634 532 2796 598 Cas-

492 632 657 696 sium
711 630 874 695 Livii
941 631 1122 696 lib'ris
1179 652 1365 695 usum
1418 652 1555 696 esse
1576 681 1590 710 ‚
1666 653 1811 697 cum
1868 632 1973 696 vix
2034 633 2373 717 quisquam
2441 634 2798 699 crediderit

492 732 869 797 Frontinum
916 733 1095 798 Fabii
1155 733 1418 798 annales
1474 739 1949 818 perscrutatum
2005 754 2142 799 esse
2196 741 2269 798 ut
2323 736 2612 801 sollertia
2674 737 2795 800 du-

493 854 640 921 cum
683 834 858 899 facta
899 835 1239 919 expeditis*
1272 835 1701 919 amplectatur
1745 836 2233 900 commentariis
2356 836 2594 902 Omnes
2637 838 2799 902 scri-

491 939 706 1020 ptores
763 936 1032 1001 tradunt
1088 937 1270 1001 annis
1334 937 1819 1021 insequentibus
1872 939 1937 1002 in
1985 937 2205 1003 Sicilia
2260 938 2535 1003 feliciter
2577 959 2618 1003 a
2662 940 2790 1004 Ro-

493 1037 699 1102 manis
758 1044 1111 1122 pugnatum
1180 1059 1354 1118 esse,
1442 1039 1555 1104 sed
1610 1061 1755 1105 cum
1812 1060 1979 1105 anno
2035 1061 2092 1104 a.
2142 1062 2200 1104 ιι.
2247 1061 2296 1104 c.
2350 1040 2791 1107 CCCCXCIII

458 1182 465 1199 s
491 1140 764 1206 Romani
821 1141 1099 1225 primum
1144 1141 1267 1228 sibi
1310 1161 1611 1225 magnam
1654 1141 1918 1206 classem
1963 1143 2475 1226 comparaverint
2518 1149 2585 1208 et
2641 1163 2794 1227 pro-

489 1242 665 1307 ximo
726 1263 895 1308 anno
953 1244 1224 1326 primam
1286 1244 1619 1309 victoriam
1673 1244 1968 1308 navalem
2028 1244 2106 1308 de
2154 1244 2798 1327 Carthaginiensibus

491 1334 989 1428 reportaverint,
1060 1351 1126 1410 et
1188 1345 1488 1429 Polybius
1552 1351 1618 1410 et
1681 1346 1877 1410 ceteri
1938 1346 2372 1411 Romanorum
2437 1347 2790 1431 scriptores

392 1456 415 1475 ³
489 1447 582 1513 rei
649 1446 823 1512 fama
881 1446 1044 1514 adeo
1102 1449 1274 1532 capti
1335 1464 1491 1513 esse,
1523 1447 1853 1526 videntur,
1930 1454 2004 1513 ut
2059 1470 2159 1514 res
2219 1468 2383 1531 quae
2449 1449 2515 1512 in
2563 1449 2789 1514 Sicilia

488 1555 704 1632 gestae
748 1550 896 1628 sint,
944 1553 1059 1614 aut
1099 1549 1293 1633 plane
1337 1550 1668 1614 omiserint
1710 1554 1824 1613 aut
1867 1550 2094 1615 leviter
2127 1556 2381 1615 tantum
2426 1552 2786 1632 attigerint.

489 1651 715 1733 Itaque
778 1656 1038 1735 praeter
1095 1651 1381 1716 Zonarae
1445 1651 1880 1715 narrationem
1941 1653 2048 1716 vix
2106 1652 2452 1735 quicquam
2518 1654 2599 1718 de
2664 1653 2789 1718 hoc

487 1758 719 1837 quarto
764 1752 912 1816 belli
956 1773 1127 1817 anno
1170 1758 1570 1837 compertum
1614 1760 1743 1832 est,
1801 1753 1920 1816 nisi
1969 1775 2114 1818 cum
2161 1754 2541 1820 Casaubono
2579 1761 2629 1834 1)
2676 1756 2787 1820 ob-

486 1853 802 1919 sidionem
868 1853 1216 1938 Mytistrati
1282 1854 1460 1919 urbis
1484 1905 1499 1933 ,
1589 1875 1752 1939 quae
1815 1854 2094 1920 Diodoro
2159 1862 2323 1921 teste
2358 1858 2411 1935 2)
2479 1879 2598 1940 per
2661 1857 2785 1922 VII

489 1975 738 2020 menses
803 1976 845 2020 a
888 1955 1189 2021 Romanis
1235 1957 1475 2020 frustra
1520 1963 1890 2041 oppugnata
1932 1963 2064 2036 est,
2130 1958 2193 2021 in
2243 1957 2413 2023 hunc
2478 1963 2788 2043 quartum

487 2057 636 2124 belli
679 2042 923 2123 annum
964 2058 1337 2123 referamus,
1427 2059 1650 2141 Pugna
1690 2059 1981 2141 quidem,
2046 2079 2211 2142 quae
2263 2067 2408 2142 post
2450 2061 2631 2125 illam
2677 2061 2787 2126 ob-

487 2159 797 2226 sidionem
831 2161 1171 2226 commissa
1213 2162 1278 2225 in
1305 2161 1568 2226 Diodori
1613 2160 1829 2242 ecloga
1872 2167 2205 2239 narratur,
2250 2167 2423 2226 certe
2466 2162 2643 2228 facta
2689 2167 2791 2226 est

484 2283 652 2328 anno
709 2283 767 2327 a.
813 2284 875 2327 u.
921 2284 976 2327 c.
1023 2261 1508 2328 CGCGXCIIII.
1643 2263 1923 2327 Zonaras
1951 2268 2217 2345 'quarto
2283 2264 2439 2328 belli
2504 2285 2679 2341 anno
2747 2283 2790 2328 a
2861 2342 2868 2349 Ε

482 2364 791 2431 Romanis
834 2365 1141 2429 memoria
1185 2364 1362 2445 digni
1407 2363 1570 2428 nihil
1617 2372 1865 2447 gestum
1908 2385 2044 2429 esse
2090 2365 2274 2436 dicit,
2344 2366 2787 2432 Hamilcarem

481 2472 697 2533 autem
722 2519 737 2547 ,
812 2467 1169 2534 Poenorum
1215 2465 1440 2532 ducem
1460 2518 1474 2546 ,
1551 2466 1917 2532 consulibus
1960 2467 2229 2531 Romam
2273 2469 2547 2534 reversis
2592 2469 2789 2534 urbes

481 2570 731 2653 aliquot
771 2570 839 2633 in
887 2567 1106 2636 Sicilia
1149 2569 1307 2633 sitas
1353 2569 1596 2652 cepisse
1637 2569 1991 2652 Italiaeque
2035 2568 2227 2634 litora
2269 2570 2472 2635 classe
2516 2570 2788 2637 infesta-

480 2672 666 2736 visse.
728 2671 932 2764 <Haec
974 2670 1262 2735 narratio
1307 2692 1341 2733 e
1390 2670 1671 2735 Diodoro
1721 2670 2056 2754 desumpta
2100 2691 2235 2735 esse
2285 2672 2577 2751 videtur,
2636 2694 2786 2737 cum

480 2778 868 2856 strategema
887 2821 901 2850 ‚
950 2771 1120 2855 quod
1167 2772 1450 2837 Zonaras
1492 2771 1738 2855 prolixe
1784 2774 2137 2850 enarravit,
2199 2773 2266 2836 in
2315 2772 2582 2838 Diodori
2627 2795 2788 2857 quo·

480 2896 607 2958 que
663 2873 880 2955 ecloga
937 2873 1193 2939 brevius
1248 2874 1507 2957 quidem
1565 2872 1879 2938 traditum
1938 2875 2038 2937 sit.
2158 2874 2529 2954 Zonarae3)
2587 2876 2789 2943 verba

480 2978 639 3042 haec
695 2981 882 3041 sunt:
956 2969 993 3039 ὁ
1051 2973 1124 3040 δὲ
1162 2969 1481 3057 Ἀμίλκας
1531 2971 1685 3052 τοὺς
1741 2969 2043 3052 Γαλάτας
2094 2971 2247 3053 τούς
2297 2972 2787 3063 μισθοφόρους,

480 3073 586 3145 ὅτι
627 3074 717 3164 μὴ
761 3074 984 3164 ἐντελῆ
1025 3074 1303 3142 δέδωκεν
1347 3071 1574 3154 αὐτοῖς
1615 3072 1729 3153 τὸν
1769 3072 2023 3158 μισθὸν
2055 3069 2631 3163 ἀγανακτήσαντας
2659 3101 2790 3165 φο-

477 3176 725 3267 βηθεὶς
769 3175 859 3266 μὴ
904 3175 1416 3266 προςχωρήσωσι
1465 3182 1623 3257 τοῖς·
1656 3173 1996 3264 Ῥῳμαίοις
2052 3176 2419 3265 διέφθειρε,
2498 3179 2812 3266 πέμψας

479 3276 720 3360 αὐτοὺς
783 3275 880 3359 εἴς
943 3304 1091 3346 τινα
1154 3284 1286 3344 τῶν
1343 3276 1478 3346 ὑπὸ
1524 3274 1876 3362 Ῥωμαίοις
1926 3276 2126 3345 πόλιν
2185 3280 2793 3366 παραληψομένους
2837 3271 2846 3276 ’

478 3378 680 3471 αὐτὴν
723 3378 815 3462 ὥς
855 3377 1021 3465 τάχα
1064 3382 1541 3469 προδιδομένην
1585 3379 1697 3446 καὶ
1738 3376 2101 3467 διαρπάσαι
2144 3374 2343 3468 αὐτὴν
2387 3378 2790 3469 ἐπιτρέψας·

478 3482 741 3565 στείλας
785 3484 858 3552 δὲ
911 3482 1080 3572 πρὸς
1132 3482 1286 3562 τοὺς
1335 3479 1633 3561 ὑπάτους
1671 3479 2247 3568 ψευὸαυτομόλους
2296 3478 2414 3569 τὴν
2466 3487 2602 3547 τῶν
2645 3489 2806 3550 Ta*

476 3590 691 3655 λατῶν
754 3584 1252 3675 προμηνύοντας
1314 3581 1600 3651 ἔλευσιν·’
1648 3582 1814 3650 ὅθεν
1866 3578 1932 3648 οἱ
1998 3578 2290 3648 Γαλάται
2349 3583 2470 3665 μὲν
2533 3582 2793 3665 πάντες

476 3689 963 3778 ἐνεδρευθέντες
1004 3684 1420 3776 ἐφθάρησαν,
1511 3683 1755 3751 πολλοὶ
1797 3684 1871 3752 δὲ
1913 3682 2025 3772 καὶ
2063 3688 2194 3749 τῶν
2221 3680 2565 3779 «Ῥωμαίων
2614 3681 2793 3753 ἀπέ-

474 3798 702 3860 θανον.
808 3793 994 3873 Quod
1036 3792 1288 3857 facinus
1329 3791 1398 3855 in
1444 3790 1707 3856 Diodori
1738 3792 1798 3873 ⁴)
1842 3788 2062 3869 ecloga
2105 3786 2205 3850 his
2248 3788 2458 3853 verbis
2503 3787 2793 3856 indicari

475 3896 630 3961 mihi
680 3891 960 3975 videtum
1002 3889 1060 3960 ‘o‘
1107 3892 1181 3960 δὲ
1203 3887 1452 3958 ’Άννων
1499 3886 2014 3976 βουλευσάμενος
2056 3883 2393 3975 ἐμφρόνως
2434 3882 2534 3954 ἑνὶ
2579 3908 2794 3974 στρα-

473 3995 795 4085 τηγήματι
836 3994 989 4076 τοὺς
1032 3991 1311 4081 ἐχθροὺς
1354 3991 1467 4060 καὶ
1507 3990 1663 4071 τοὺς
1708 3987 2066 4075 πολεμίους
2107 3984 2376 4056 άνεῖλεν.
2407 3986 2412 3992 ’
2481 3991 2794 4060 Dubitari

617 4260 659 4322 1)
730 4259 977 4311 annotat.
1016 4256 1087 4310 ad
1122 4254 1314 4324 Polyb.
1374 4252 1482 4307 vol.
1521 4252 1618 4306 ΠΙ.
1673 4269 1727 4320 p.
1771 4251 1884 4305 180.
2061 4248 2106 4313 ⁶2)
2176 4246 2393 4315 XXIII,
2431 4250 2490 4315 8,
2531 4251 2582 4303 3.

613 4346 660 4412 3)
734 4344 888 4414 VIII,
929 4344 1010 4398 10.
1192 4345 1236 4407 ⁴)
1309 4340 1528 4410 XXIII,
1567 4342 1631 4408 8,
1669 4340 1722 4395 3.
2233 4359 2236 4364 ·
