3088 5021
27 4691 71 5012 &far-r?
54 4645 67 4684 ᾖ,
50 4625 55 4638 ,,
27 4571 51 4618 ,ΔΓ
28 4525 31 4530 ’

1450 372 1528 436 27

329 526 511 594 hanc
552 526 1103 595 narratiunculam
1162 533 1374 616 gentis
1417 534 1717 603 Valeriae
1776 537 2232 606 falsamentum
2274 562 2410 608 esse
2454 544 2638 623 dixit,

331 631 511 716 quod
556 629 853 698 Valerius
886 631 1115 698 Antias
1157 636 1498 703 annalibus
1539 638 1901 707 inseruerit.
1991 643 2168 708 Fasti
2211 644 2467 728 quidem
2517 646 2637 711 Ca-

332 732 595 818 pitolini
656 732 1032 818 plerumque
1095 738 1328 802 summi
1395 744 1550 805 sunt
1612 745 1951 823 momenti,
2026 745 2139 810 sed
2198 768 2325 812 non
2391 768 2639 832 semper

331 834 692 918 incorrupti
735 840 904 900 sunt.
1028 837 1394 924 Cognomen
1437 842 1778 915 Messallae
1821 842 2096 912 fortasse
2137 848 2267 913 iam
2312 856 2463 915 ante
2506 851 2638 917 bel-

334 939 474 1003 lum
542 936 852 1001 Punicum
918 940 1196 1022 primum
1260 944 1556 1011 Valeriae
1621 947 1796 1030 genti
1854 948 1975 1014 fuit
2003 1000 2017 1028 ,
2105 950 2334 1016 deinde
2399 957 2638 1033 autem,

333 1061 488 1106 cum
530 1039 638 1105 M.’
681 1037 978 1106 Valerius
1034 1043 1104 1108 in
1162 1044 1380 1113 Sicilia
1438 1049 1884 1132 imperaverit,
1961 1058 2222 1136 propter
2275 1054 2638 1120 similitudi-

333 1164 486 1208 nem
531 1141 857 1207 nominum
906 1147 1209 1213 Messalla
1265 1171 1306 1216 a
1349 1151 1649 1216 Messana
1692 1153 2051 1219 derivatum
2106 1160 2220 1219 est.
2269 1195 2352 1206 -—
2445 1156 2637 1222 Deni-

333 1271 463 1333 que
509 1249 752 1317 Aurelii
798 1256 1073 1323 Victoris
1115 1274 1294 1318 error
1339 1254 1659 1320 notandus
1704 1262 1831 1335 est,
1905 1258 2019 1340 qui
2064 1257 2145 1322 ab
2193 1258 2412 1342 Appio·
2446 1258 2638 1324 Clau·

331 1355 444 1421 dio
472 1432 483 1436 g
515 1357 645 1423 iam
711 1359 1058 1444 Syracusas
1122 1358 1190 1421 in
1248 1357 1680 1422 Romanorum
1747 1358 2056 1424 ditionem
2129 1380 2267 1425 esse
2338 1360 2638 1426 redactas

332 1458 552 1526 refert.

510 1564 725 1631 Tertio
769 1564 917 1631 belli
962 1585 1133 1630 anno
1182 1564 1596 1649 Agrigentum
1652 1583 1692 1626 a
1735 1563 2043 1629 Romanis
2071 1548 2525 1648 ‘oppugnatum
2568 1569 2636 1630 et

335 1673 776 1750 expugnatum
821 1672 935 1733 est.
1023 1668 1183 1732 Rem
1229 1666 1476 1751 prolixe
1520 1672 1744 1730 narrat
1791 1666 2090 1750 Polybius
2129 1671 2210 1745 ¹);
2288 1665 2552 1731 Diodori
2583 1668 2637 1748 ²)

335 1770 626 1835 narratio
670 1769 749 1835 de
792 1770 914 1836 hac
957 1769 1427 1855 expugnatione
1469 1773 1610 1832 tota
1654 1770 1787 1833 iere
1827 1768 2279 1848 desideratur3
2347 1789 2512 1853 quae
2555 1789 2636 1834 ex

333 1870 456 1936 illa
512 1877 890 1956 supersunt,
964 1872 1405 1937 demonstrare
1449 1869 1610 1935 mihi
1654 1870 1984 1950 videntur,
2061 1871 2386 1937 Philinum
2441 1871 2636 1938 fuisse

304 1970 606 2039 *Diodori
649 1980 994 2040 auctorem.
1102 1972 1437 2058 Polybius,
1498 1973 1609 2058 qui
1652 1956 1720 2037 in‘
1763 1972 1930 2038 hano
1972 1994 2106 2038 rem
2152 1974 2634 2056 diligentissime

335 2075 742 2159 inquisivisse
786 2076 1071 2156 videtur,
1147 2077 1305 2142 dicit
1347 2076 1768 2161 Agrigentum
1823 2078 1999 2141 intra
2043 2075 2167 2142 VII
2226 2097 2475 2142 menses
2530 2097 2634 2144 ca-

334 2183 522 2263 ptum
580 2198 751 2260 esse,
829 2179 1145 2245 Diodorus
1213 2185 1427 2244 autem
1496 2179 1694 2243 refert
1755 2199 1872 2261 per
1917 2177 2006 2243 VI
2067 2182 2324 2243 tantum
2384 2199 2636 2245 menses

339 2281 758 2363 Agrigentum
803 2301 843 2346 a
887 2282 1193 2346 Romanis
1237 2302 1373 2346 esse
1417 2281 1771 2359 obsessum,
1846 2300 2010 2364 quae
2055 2281 2272 2345 variae
2317 2282 2635 2348 narratio-

336 2403 465 2447 nes.
494 2388 711 2448 tamen
755 2384 922 2449 inter
967 2405 1034 2449 se
1079 2405 1367 2469 pugnare
1411 2383 1569 2447 mihi
1613 2402 1739 2447 non
1773 2382 2087 2447 videntur.
2171 2382 2434 2468 Polybio
2465 2384 2636 2449 enim

339 2492 502 2551 teste
550 2487 840 2552 consules
897 2508 1026 2553 non
1085 2488 1305 2553 statim
1350 2487 1573 2553 urbem
1621 2485 2220 2565 circumvallarunt,
2295 2486 2405 2584 sed
2448 2506 2637 2571 agros

337 2594 590 2674 tantum
634 2596 988 2655 vastarunt.
1109 2589 1354 2656 Deinde
1399 2609 1544 2653 cum
1589 2588 1783 2653 Poeni
1839 2588 2015 2653 intra
2058 2610 2275 2654 muros
2335 2609 2402 2654 se
2460 2609 2635 2654 rece-

337 2692 606 2776 pissent,
682 2692 959 2757 Romani
1001 2693 1249 2759 duobus
1291 2691 1521 2757 castris
1566 2712 1605 2755 a
1648 2691 1899 2756 duabus
1942 2692 2119 2758 urbis
2176 2691 2469 2775 partibus
2528 2711 2635 2756 ex-

338 2794 601 2860 structis
642 2793 954 2879 fossisque
999 2801 1066 2861 et
1107 2796 1295 2861 vallis
1336 2797 1508 2861 inter
1550 2815 1619 2860 se
1675 2789 1909 2858 iunctis
1963 2794 2197 2858 iustam
2242 2791 2633 2886 obsidionem

335 2896 784 2976 instituerunt3
847 2897 1165 2963 Diodorus
1210 2920 1354 2963 cum
1398 2898 1570 2963 intra
1614 2897 1705 2962 VI
1749 2917 1997 2962 menses
2042 2896 2265 2962 urbem
2310 2916 2637 2980 oppugna-

337 3004 473 3063 tam
520 3019 656 3063 esse
699 2999 907 3079 dicat,
984 3003 1290 3086 temporis
1353 3001 1629 3086 spatium
1648 3050 1663 3080 ,
1732 3020 1857 3084 quo
1903 2999 2175 3064 Romani
2220 3000 2637 3084 Agrigentum

336 3101 623 3166 nondum
667 3103 1224 3169 circumvallatum
1268 3104 1669 3181 habuerunt,
1715 3102 1999 3167 omisisse
2045 3102 2315 3167 videtur.
2363 3138 2442 3162 2-
2512 3100 2635 3167 Dio

338 3202 629 3283 Cassius,
703 3205 886 3289 cujus
942 3209 1230 3298 narratio
1287 3206 1541 3271 nonnisi
1600 3206 1665 3271 in
1707 3205 1999 3269 ‘Zonarae
2059 3204 2401 3270 annalibus
2432 3204 2482 3286 3)
2509 3225 2635 3271 ex·

335 3311 505 3385 stat,
573 3306 692 3371 hoc
736 3306 874 3373 loco
919 3308 1170 3374 Livium
1213 3315 1469 3375 secutus
1512 3329 1649 3374 esse
1693 3306 1977 3387 videtur,
2024 3328 2198 3386 cum,
2244 3318 2635 3392 quamquam

335 3429 378 3473 e·
417 3408 581 3473 Livii
645 3409 848 3494 ipsius
893 3412 1264 3477 narratione
1309 3411 1470 3476 nihil
1517 3415 1836 3495 superest,
1916 3410 2073 3475 satis
2117 3430 2260 3473 cum
2306 3410 2529 3475 Orosio
2558 3416 2632 3493 ⁴),

336 3512 447 3595 qui
492 3516 568 3576 ut
609 3532 807 3597 supra
852 3513 1159 3591 diximus,
1207 3514 1457 3580 Livium
1501 3535 1701 3578 unum
1744 3514 2034 3596 sequitur
2057 3563 2071 3591 ,
2134 3514 2457 3593 concinat3
2529 3514 2635 3580 Li-

332 3614 474 3678 vius
519 3620 735 3680 autem
779 3615 916 3700 ipse
963 3617 1145 3682 Fabii
1204 3616 1544 3683 annalibus
1588 3636 1740 3680 usus
1784 3636 1919 3680 esse
1961 3615 2248 3694 videtur,
2325 3636 2468 3681 cum
2514 3616 2633 3682 Po-

335 3716 526 3798 lybii,
591 3716 830 3797 Orosii,
902 3720 1192 3784 Zonarae
1235 3720 1642 3784 narrationes
1687 3718 1768 3782 de
1811 3717 1995 3783 nulla
2049 3739 2120 3782 re
2173 3717 2463 3799 graviore
2506 3716 2635 3784 dis·

333 3824 614 3903 crepent.
729 3821 1080 3887 Praeterea
1122 3822 1414 3888 Frontini
1447 3823 1503 3902 5)
1549 3822 1839 3885 narratio
1884 3821 1962 3885 de
2012 3819 2252 3905 proelio
2295 3820 2466 3885 inter
2508 3819 2635 3885 Ro-

332 3941 560 4008 manos
627 3927 694 3987 et
751 3924 999 3990 Poenos
1067 3925 1241 4009 apud
1301 3923 1720 4008 Agrigentum
1774 3922 2111 3988 commisso
2169 3942 2431 4006 prorsus
2485 3941 2633 4015 cum

334 4024 428 4090 eis
472 4025 785 4108 concinit,
854 4047 1020 4111 quae
1065 4026 1350 4093 Zonaras
1395 4038 1474 4092 ea
1516 4025 1597 4092 de
1642 4046 1713 4092 re
1756 4023 2061 4105 tradidit,
2116 4046 2246 4110 qua
2290 4045 2359 4090 re
2402 4023 2633 4091 confir·

481 4240 526 4326 ι’)
599 4260 776 4328 1,19.
950 4260 996 4328 2)
1069 4260 1281 4329 xxm,
1318 4262 1371 4315 s.
1429 4262 1515 4315 ed.
1553 4260 1803 4316 Dindorf.
1980 4260 2027 4324 ³)
2103 4259 2252 4328 vm,
2296 4261 2375 4314 ιο.

476 4346 521 4416 ⁴)
592 4347 685 4418 IV,
722 4351 771 4402 7.
946 4348 991 4415 ε)
1058 4339 1325 4417 11,1‚4.
