<?xml version="1.0" encoding="UTF-8"?>
<!DOCTYPE html PUBLIC "-//W3C//DTD XHTML 1.0 Transitional//EN"
    "http://www.w3.org/TR/xhtml1/DTD/xhtml1-transitional.dtd">
<html xmlns="http://www.w3.org/1999/xhtml" xml:lang="en" lang="en">
 <head>
  <title>
</title>
<meta http-equiv="Content-Type" content="text/html;charset=utf-8" />
  <meta name='ocr-system' content='tesseract 3.04.00' />
  <meta name='ocr-capabilities' content='ocr_page ocr_carea ocr_par ocr_line ocrx_word'/>
</head>
<body>
  <div class='ocr_page' id='page_1' title='image "./debellipunicipr00neulgoog_0050.png"; bbox 0 0 3088 5021; ppageno 0'>
   <div class='ocr_carea' id='block_1_1' title="bbox 1613 347 1697 409">
    <p class='ocr_par' dir='ltr' id='par_1_1' title="bbox 1613 347 1697 409">
     <span class='ocr_line' id='line_1_1' title="bbox 1613 347 1697 409; baseline -0.012 0"><span class='ocrx_word' id='word_1_1' title='bbox 1613 347 1697 409; x_wconf 89' lang='grc'>46</span> 
     </span>
    </p>
   </div>
   <div class='ocr_carea' id='block_1_2' title="bbox 497 507 2856 2206">
    <p class='ocr_par' dir='ltr' id='par_1_2' title="bbox 497 507 2856 2206">
     <span class='ocr_line' id='line_1_2' title="bbox 503 507 2808 596; baseline -0.003 -19"><span class='ocrx_word' id='word_1_2' title='bbox 503 531 690 596; x_wconf 87' lang='lat' dir='ltr'>quem</span> <span class='ocrx_word' id='word_1_3' title='bbox 746 531 862 595; x_wconf 90' lang='lat' dir='ltr'>per</span> <span class='ocrx_word' id='word_1_4' title='bbox 917 509 1200 593; x_wconf 88' lang='lat' dir='ltr'>quinque</span> <span class='ocrx_word' id='word_1_5' title='bbox 1257 529 1461 575; x_wconf 86' lang='lat' dir='ltr'>annos</span> <span class='ocrx_word' id='word_1_6' title='bbox 1517 514 1777 592; x_wconf 83' lang='lat' dir='ltr'>captum</span> <span class='ocrx_word' id='word_1_7' title='bbox 1838 508 2298 587; x_wconf 86' lang='lat' dir='ltr'>detinuissent,</span> <span class='ocrx_word' id='word_1_8' title='bbox 2372 529 2517 573; x_wconf 90' lang='lat' dir='ltr'>cum</span> <span class='ocrx_word' id='word_1_9' title='bbox 2561 507 2808 590; x_wconf 88' lang='lat' dir='ltr'>legatis</span> 
     </span>
     <span class='ocr_line' id='line_1_3' title="bbox 502 610 2813 696; baseline -0.002 -19"><span class='ocrx_word' id='word_1_10' title='bbox 502 613 772 677; x_wconf 83' lang='lat' dir='ltr'><strong>Romam</strong></span> <span class='ocrx_word' id='word_1_11' title='bbox 814 612 1060 676; x_wconf 80' lang='lat' dir='ltr'>misisse</span> <span class='ocrx_word' id='word_1_12' title='bbox 1112 615 1187 675; x_wconf 89' lang='lat' dir='ltr'>ut</span> <span class='ocrx_word' id='word_1_13' title='bbox 1229 617 1344 675; x_wconf 90' lang='lat' dir='ltr'>aut</span> <span class='ocrx_word' id='word_1_14' title='bbox 1385 632 1610 695; x_wconf 91' lang='lat' dir='ltr'>pacem</span> <span class='ocrx_word' id='word_1_15' title='bbox 1655 619 1771 676; x_wconf 86' lang='lat' dir='ltr'>aut</span> <span class='ocrx_word' id='word_1_16' title='bbox 1813 613 2210 696; x_wconf 88' lang='lat' dir='ltr'>captivorum</span> <span class='ocrx_word' id='word_1_17' title='bbox 2254 610 2813 695; x_wconf 78' lang='lat' dir='ltr'><strong>permutationem</strong></span> 
     </span>
     <span class='ocr_line' id='line_1_4' title="bbox 502 711 2808 798; baseline -0.002 -19"><span class='ocrx_word' id='word_1_18' title='bbox 502 716 942 798; x_wconf 76' lang='lat' dir='ltr'>impetrarent.</span> <span class='ocrx_word' id='word_1_19' title='bbox 1054 711 1282 777; x_wconf 85' lang='lat' dir='ltr'>Florus</span> <span class='ocrx_word' id='word_1_20' title='bbox 1320 717 1367 792; x_wconf 91' lang='lat'>¹)</span> <span class='ocrx_word' id='word_1_21' title='bbox 1423 713 1594 779; x_wconf 87' lang='lat' dir='ltr'>hanc</span> <span class='ocrx_word' id='word_1_22' title='bbox 1650 715 2035 796; x_wconf 80' lang='lat' dir='ltr'>legationem</span> <span class='ocrx_word' id='word_1_23' title='bbox 2095 719 2246 778; x_wconf 91' lang='lat' dir='ltr'>ante</span> <span class='ocrx_word' id='word_1_24' title='bbox 2293 711 2535 777; x_wconf 88' lang='lat' dir='ltr'>Metelli</span> <span class='ocrx_word' id='word_1_25' title='bbox 2597 713 2808 775; x_wconf 84' lang='lat' dir='ltr'>victo·</span> 
     </span>
     <span class='ocr_line' id='line_1_5' title="bbox 502 813 2809 899; baseline -0.001 -20"><span class='ocrx_word' id='word_1_26' title='bbox 502 816 667 880; x_wconf 85' lang='lat' dir='ltr'>riam</span> <span class='ocrx_word' id='word_1_27' title='bbox 712 813 884 897; x_wconf 89' lang='lat' dir='ltr'>apud</span> <span class='ocrx_word' id='word_1_28' title='bbox 929 814 1317 879; x_wconf 90' lang='lat' dir='ltr'>Panormum</span> <span class='ocrx_word' id='word_1_29' title='bbox 1359 821 1753 899; x_wconf 82' lang='lat' dir='ltr'>reportatam</span> <span class='ocrx_word' id='word_1_30' title='bbox 1798 818 2030 898; x_wconf 81' lang='lat' dir='ltr'>posuit,</span> <span class='ocrx_word' id='word_1_31' title='bbox 2078 816 2248 899; x_wconf 89' lang='lat' dir='ltr'>quod</span> <span class='ocrx_word' id='word_1_32' title='bbox 2293 835 2372 879; x_wconf 91' lang='lat' dir='ltr'>ea</span> <span class='ocrx_word' id='word_1_33' title='bbox 2413 835 2483 878; x_wconf 88' lang='lat' dir='ltr'>re</span> <span class='ocrx_word' id='word_1_34' title='bbox 2528 813 2809 878; x_wconf 87' lang='lat' dir='ltr'>fortasse</span> 
     </span>
     <span class='ocr_line' id='line_1_6' title="bbox 502 915 2808 1001; baseline -0.002 -20"><span class='ocrx_word' id='word_1_35' title='bbox 502 915 893 999; x_wconf 84' lang='lat' dir='ltr'>explicatur,</span> <span class='ocrx_word' id='word_1_36' title='bbox 959 917 1128 999; x_wconf 89' lang='lat' dir='ltr'>quod</span> <span class='ocrx_word' id='word_1_37' title='bbox 1185 917 1401 981; x_wconf 84' lang='lat' dir='ltr'>Livius</span> <span class='ocrx_word' id='word_1_38' title='bbox 1433 919 1494 1001; x_wconf 85' lang='grc'>2)</span> <span class='ocrx_word' id='word_1_39' title='bbox 1550 917 1774 999; x_wconf 82' lang='lat' dir='ltr'>Reguli</span> <span class='ocrx_word' id='word_1_40' title='bbox 1824 919 2020 982; x_wconf 87' lang='lat' dir='ltr'>vitam</span> <span class='ocrx_word' id='word_1_41' title='bbox 2078 918 2229 982; x_wconf 91' lang='lat' dir='ltr'>inde</span> <span class='ocrx_word' id='word_1_42' title='bbox 2288 937 2327 980; x_wconf 91' lang='lat' dir='ltr'>a</span> <span class='ocrx_word' id='word_1_43' title='bbox 2384 936 2601 1000; x_wconf 88' lang='lat' dir='ltr'>pugna</span> <span class='ocrx_word' id='word_1_44' title='bbox 2654 935 2808 978; x_wconf 88' lang='lat' dir='ltr'>cum</span> 
     </span>
     <span class='ocr_line' id='line_1_7' title="bbox 502 1018 2816 1103; baseline -0.002 -19"><span class='ocrx_word' id='word_1_45' title='bbox 502 1018 876 1102; x_wconf 80' lang='lat' dir='ltr'>Xanthippo</span> <span class='ocrx_word' id='word_1_46' title='bbox 920 1019 1255 1083; x_wconf 91' lang='lat' dir='ltr'>commissa</span> <span class='ocrx_word' id='word_1_47' title='bbox 1311 1039 1513 1103; x_wconf 89' lang='lat' dir='ltr'>usque</span> <span class='ocrx_word' id='word_1_48' title='bbox 1571 1019 1652 1083; x_wconf 89' lang='lat' dir='ltr'>ad</span> <span class='ocrx_word' id='word_1_49' title='bbox 1711 1022 1851 1084; x_wconf 90' lang='lat' dir='ltr'>eius</span> <span class='ocrx_word' id='word_1_50' title='bbox 1896 1025 2165 1084; x_wconf 85' lang='lat' dir='ltr'>mortem</span> <span class='ocrx_word' id='word_1_51' title='bbox 2213 1039 2342 1083; x_wconf 93' lang='lat' dir='ltr'>uno</span> <span class='ocrx_word' id='word_1_52' title='bbox 2388 1026 2609 1083; x_wconf 89' lang='lat' dir='ltr'>tenore</span> <span class='ocrx_word' id='word_1_53' title='bbox 2653 1028 2816 1080; x_wconf 55' lang='lat' dir='ltr'>nai-³</span> 
     </span>
     <span class='ocr_line' id='line_1_8' title="bbox 503 1118 2856 1204; baseline -0.001 -19"><span class='ocrx_word' id='word_1_54' title='bbox 503 1141 681 1185; x_wconf 89' lang='lat' dir='ltr'>rasse</span> <span class='ocrx_word' id='word_1_55' title='bbox 735 1119 1007 1185; x_wconf 83' lang='lat' dir='ltr'>videtur.</span> <span class='ocrx_word' id='word_1_56' title='bbox 1140 1121 1238 1185; x_wconf 84' lang='lat' dir='ltr'>Ex</span> <span class='ocrx_word' id='word_1_57' title='bbox 1295 1121 1575 1204; x_wconf 88' lang='lat' dir='ltr'>Appiani</span> <span class='ocrx_word' id='word_1_58' title='bbox 1642 1120 1916 1204; x_wconf 91' lang='lat' dir='ltr'>denique</span> <span class='ocrx_word' id='word_1_59' title='bbox 1982 1122 2354 1186; x_wconf 79' lang='lat' dir='ltr'>narratione</span> <span class='ocrx_word' id='word_1_60' title='bbox 2418 1120 2499 1185; x_wconf 90' lang='lat' dir='ltr'>de</span> <span class='ocrx_word' id='word_1_61' title='bbox 2557 1118 2856 1201; x_wconf 35' lang='lat' dir='ltr'>Regulos</span> 
     </span>
     <span class='ocr_line' id='line_1_9' title="bbox 504 1220 2805 1308; baseline -0.001 -21"><span class='ocrx_word' id='word_1_62' title='bbox 504 1223 633 1287; x_wconf 91' lang='lat' dir='ltr'>duo</span> <span class='ocrx_word' id='word_1_63' title='bbox 679 1222 1047 1304; x_wconf 86' lang='lat' dir='ltr'>fragmenta</span> <span class='ocrx_word' id='word_1_64' title='bbox 1091 1227 1383 1301; x_wconf 88' lang='lat' dir='ltr'>exstant,</span> <span class='ocrx_word' id='word_1_65' title='bbox 1444 1245 1717 1308; x_wconf 91' lang='lat' dir='ltr'>quorum</span> <span class='ocrx_word' id='word_1_66' title='bbox 1759 1224 1828 1287; x_wconf 93' lang='lat' dir='ltr'>in</span> <span class='ocrx_word' id='word_1_67' title='bbox 1874 1222 2081 1288; x_wconf 90' lang='lat' dir='ltr'>altero</span> <span class='ocrx_word' id='word_1_68' title='bbox 2112 1226 2172 1306; x_wconf 85' lang='grc'>3)</span> <span class='ocrx_word' id='word_1_69' title='bbox 2218 1223 2500 1305; x_wconf 85' lang='lat' dir='ltr'>Regulus</span> <span class='ocrx_word' id='word_1_70' title='bbox 2542 1228 2686 1305; x_wconf 87' lang='lat' dir='ltr'>post</span> <span class='ocrx_word' id='word_1_71' title='bbox 2728 1220 2805 1286; x_wconf 83' lang='lat' dir='ltr'>O.</span> 
     </span>
     <span class='ocr_line' id='line_1_10' title="bbox 497 1322 2807 1400; baseline -0.001 -11"><span class='ocrx_word' id='word_1_72' title='bbox 497 1323 749 1390; x_wconf 84' lang='lat' dir='ltr'>Lutatii</span> <span class='ocrx_word' id='word_1_73' title='bbox 797 1323 1011 1389; x_wconf 88' lang='lat' dir='ltr'>Catuli</span> <span class='ocrx_word' id='word_1_74' title='bbox 1058 1325 1390 1390; x_wconf 87' lang='lat' dir='ltr'>victoriam</span> <span class='ocrx_word' id='word_1_75' title='bbox 1436 1325 1707 1390; x_wconf 90' lang='lat' dir='ltr'>Romam</span> <span class='ocrx_word' id='word_1_76' title='bbox 1765 1326 1996 1390; x_wconf 91' lang='lat' dir='ltr'>missus</span> <span class='ocrx_word' id='word_1_77' title='bbox 2052 1346 2187 1390; x_wconf 89' lang='lat' dir='ltr'>esse</span> <span class='ocrx_word' id='word_1_78' title='bbox 2244 1325 2511 1400; x_wconf 89' lang='lat' dir='ltr'>dicitur.</span> <span class='ocrx_word' id='word_1_79' title='bbox 2586 1322 2650 1386; x_wconf 91' lang='lat' dir='ltr'>in</span> <span class='ocrx_word' id='word_1_80' title='bbox 2707 1322 2807 1387; x_wconf 90' lang='lat' dir='ltr'>al-</span> 
     </span>
     <span class='ocr_line' id='line_1_11' title="bbox 503 1426 2806 1511; baseline -0.001 -20"><span class='ocrx_word' id='word_1_81' title='bbox 503 1432 644 1491; x_wconf 86' lang='lat' dir='ltr'>tero</span> <span class='ocrx_word' id='word_1_82' title='bbox 670 1429 729 1503; x_wconf 80' lang='grc'>4)</span> <span class='ocrx_word' id='word_1_83' title='bbox 791 1426 1011 1508; x_wconf 91' lang='lat' dir='ltr'>paullo</span> <span class='ocrx_word' id='word_1_84' title='bbox 1069 1432 1217 1510; x_wconf 86' lang='lat' dir='ltr'>post</span> <span class='ocrx_word' id='word_1_85' title='bbox 1261 1447 1456 1510; x_wconf 91' lang='lat' dir='ltr'>quam</span> <span class='ocrx_word' id='word_1_86' title='bbox 1514 1428 1624 1493; x_wconf 90' lang='lat' dir='ltr'>ille</span> <span class='ocrx_word' id='word_1_87' title='bbox 1685 1434 1911 1511; x_wconf 90' lang='lat' dir='ltr'>captus</span> <span class='ocrx_word' id='word_1_88' title='bbox 1968 1433 2092 1507; x_wconf 89' lang='lat' dir='ltr'>est,</span> <span class='ocrx_word' id='word_1_89' title='bbox 2168 1448 2443 1511; x_wconf 89' lang='lat' dir='ltr'>quarum</span> <span class='ocrx_word' id='word_1_90' title='bbox 2486 1426 2806 1491; x_wconf 88' lang='lat' dir='ltr'>narratio-</span> 
     </span>
     <span class='ocr_line' id='line_1_12' title="bbox 503 1529 2726 1612; baseline -0.001 -18"><span class='ocrx_word' id='word_1_91' title='bbox 503 1551 659 1594; x_wconf 89' lang='lat' dir='ltr'>num</span> <span class='ocrx_word' id='word_1_92' title='bbox 704 1529 1139 1612; x_wconf 85' lang='lat' dir='ltr'>discrepantia</span> <span class='ocrx_word' id='word_1_93' title='bbox 1181 1534 1297 1593; x_wconf 89' lang='lat' dir='ltr'>aut</span> <span class='ocrx_word' id='word_1_94' title='bbox 1342 1530 1617 1612; x_wconf 90' lang='lat' dir='ltr'>Appiani</span> <span class='ocrx_word' id='word_1_95' title='bbox 1663 1536 1779 1594; x_wconf 92' lang='lat' dir='ltr'>aut</span> <span class='ocrx_word' id='word_1_96' title='bbox 1820 1529 2068 1597; x_wconf 87' lang='lat' dir='ltr'>librarii</span> <span class='ocrx_word' id='word_1_97' title='bbox 2115 1529 2378 1594; x_wconf 88' lang='lat' dir='ltr'>levitate</span> <span class='ocrx_word' id='word_1_98' title='bbox 2424 1535 2567 1593; x_wconf 90' lang='lat' dir='ltr'>orta</span> <span class='ocrx_word' id='word_1_99' title='bbox 2610 1531 2726 1592; x_wconf 90' lang='lat' dir='ltr'>est.</span> 
     </span>
     <span class='ocr_line' id='line_1_13' title="bbox 677 1628 2808 1721; baseline -0.001 -27"><span class='ocrx_word' id='word_1_100' title='bbox 677 1630 770 1695; x_wconf 92' lang='lat' dir='ltr'>De</span> <span class='ocrx_word' id='word_1_101' title='bbox 828 1631 1107 1721; x_wconf 89' lang='lat' dir='ltr'>ratione,</span> <span class='ocrx_word' id='word_1_102' title='bbox 1185 1652 1313 1714; x_wconf 88' lang='lat' dir='ltr'>qua</span> <span class='ocrx_word' id='word_1_103' title='bbox 1360 1631 1641 1714; x_wconf 85' lang='lat' dir='ltr'>Regulus</span> <span class='ocrx_word' id='word_1_104' title='bbox 1686 1631 1928 1696; x_wconf 89' lang='lat' dir='ltr'>Romae</span> <span class='ocrx_word' id='word_1_105' title='bbox 1987 1652 2054 1696; x_wconf 92' lang='lat' dir='ltr'>se</span> <span class='ocrx_word' id='word_1_106' title='bbox 2108 1631 2407 1718; x_wconf 88' lang='lat' dir='ltr'>gesserit,</span> <span class='ocrx_word' id='word_1_107' title='bbox 2482 1636 2677 1712; x_wconf 87' lang='lat' dir='ltr'>atque</span> <span class='ocrx_word' id='word_1_108' title='bbox 2722 1628 2808 1693; x_wconf 90' lang='lat' dir='ltr'>de</span> 
     </span>
     <span class='ocr_line' id='line_1_14' title="bbox 505 1730 2807 1814; baseline -0.001 -16"><span class='ocrx_word' id='word_1_109' title='bbox 505 1735 642 1798; x_wconf 88' lang='lat' dir='ltr'>eius</span> <span class='ocrx_word' id='word_1_110' title='bbox 684 1738 889 1796; x_wconf 88' lang='lat' dir='ltr'>morte</span> <span class='ocrx_word' id='word_1_111' title='bbox 933 1731 1376 1796; x_wconf 90' lang='lat' dir='ltr'>crudelissima</span> <span class='ocrx_word' id='word_1_112' title='bbox 1432 1733 1594 1797; x_wconf 86' lang='lat' dir='ltr'>satis</span> <span class='ocrx_word' id='word_1_113' title='bbox 1637 1734 1978 1797; x_wconf 88' lang='lat' dir='ltr'>concinunt</span> <span class='ocrx_word' id='word_1_114' title='bbox 2022 1740 2318 1798; x_wconf 83' lang='lat' dir='ltr'>auctores</span> <span class='ocrx_word' id='word_1_115' title='bbox 2376 1738 2572 1814; x_wconf 89' lang='lat' dir='ltr'>atque</span> <span class='ocrx_word' id='word_1_116' title='bbox 2613 1730 2807 1795; x_wconf 88' lang='lat' dir='ltr'>Vale-</span> 
     </span>
     <span class='ocr_line' id='line_1_15' title="bbox 503 1833 2806 1918; baseline -0.002 -18"><span class='ocrx_word' id='word_1_117' title='bbox 503 1836 638 1900; x_wconf 89' lang='lat' dir='ltr'>rius</span> <span class='ocrx_word' id='word_1_118' title='bbox 686 1834 1034 1911; x_wconf 85' lang='lat' dir='ltr'>Maximus,</span> <span class='ocrx_word' id='word_1_119' title='bbox 1097 1834 1353 1913; x_wconf 78' lang='lat' dir='ltr'>FloruS,</span> <span class='ocrx_word' id='word_1_120' title='bbox 1423 1833 1617 1899; x_wconf 86' lang='lat' dir='ltr'>Silius</span> <span class='ocrx_word' id='word_1_121' title='bbox 1661 1834 1954 1913; x_wconf 90' lang='lat' dir='ltr'>Italicus,</span> <span class='ocrx_word' id='word_1_122' title='bbox 2022 1834 2401 1917; x_wconf 90' lang='lat' dir='ltr'>Eutropius,</span> <span class='ocrx_word' id='word_1_123' title='bbox 2450 1833 2806 1918; x_wconf 76' lang='lat' dir='ltr'>AppianuS,</span> 
     </span>
     <span class='ocr_line' id='line_1_16' title="bbox 505 1932 2807 2020; baseline -0.001 -20"><span class='ocrx_word' id='word_1_124' title='bbox 505 1936 785 2015; x_wconf 87' lang='lat' dir='ltr'>Orosius,</span> <span class='ocrx_word' id='word_1_125' title='bbox 833 1935 1129 2001; x_wconf 89' lang='lat' dir='ltr'>Aurelius</span> <span class='ocrx_word' id='word_1_126' title='bbox 1156 1936 1377 2001; x_wconf 81' lang='lat' dir='ltr'>Victor</span> <span class='ocrx_word' id='word_1_127' title='bbox 1408 1936 1690 2013; x_wconf 88' lang='lat' dir='ltr'>Livium,</span> <span class='ocrx_word' id='word_1_128' title='bbox 1740 1936 2125 2017; x_wconf 79' lang='lat' dir='ltr'>Polyaenus,</span> <span class='ocrx_word' id='word_1_129' title='bbox 2173 1938 2345 2020; x_wconf 89' lang='lat' dir='ltr'>quod</span> <span class='ocrx_word' id='word_1_130' title='bbox 2389 1937 2518 2001; x_wconf 90' lang='lat' dir='ltr'>iam</span> <span class='ocrx_word' id='word_1_131' title='bbox 2543 1932 2807 1999; x_wconf 86' lang='lat' dir='ltr'>Woelff-</span> 
     </span>
     <span class='ocr_line' id='line_1_17' title="bbox 504 2036 2807 2122; baseline -0.001 -20"><span class='ocrx_word' id='word_1_132' title='bbox 504 2038 702 2103; x_wconf 91' lang='lat' dir='ltr'>linius</span> <span class='ocrx_word' id='word_1_133' title='bbox 766 2044 940 2102; x_wconf 83' lang='lat' dir='ltr'>recte</span> <span class='ocrx_word' id='word_1_134' title='bbox 1000 2036 1376 2118; x_wconf 86' lang='lat' dir='ltr'>affirmavit,</span> <span class='ocrx_word' id='word_1_135' title='bbox 1458 2039 1823 2122; x_wconf 83' lang='lat' dir='ltr'>Appianum</span> <span class='ocrx_word' id='word_1_136' title='bbox 1849 2087 1864 2116; x_wconf 91' lang='lat'>,</span> <span class='ocrx_word' id='word_1_137' title='bbox 1954 2040 2240 2102; x_wconf 90' lang='lat' dir='ltr'>Zonaras</span> <span class='ocrx_word' id='word_1_138' title='bbox 2309 2039 2514 2103; x_wconf 91' lang='lat' dir='ltr'>Dione</span> <span class='ocrx_word' id='word_1_139' title='bbox 2580 2037 2807 2102; x_wconf 88' lang='lat' dir='ltr'>Cassio</span> 
     </span>
     <span class='ocr_line' id='line_1_18' title="bbox 504 2140 2846 2206; baseline -0 -1"><span class='ocrx_word' id='word_1_140' title='bbox 504 2141 665 2206; x_wconf 88' lang='lat' dir='ltr'>duce</span> <span class='ocrx_word' id='word_1_141' title='bbox 709 2141 959 2205; x_wconf 84' lang='lat' dir='ltr'>Livium</span> <span class='ocrx_word' id='word_1_142' title='bbox 1005 2140 1208 2205; x_wconf 88' lang='lat' dir='ltr'>secuti</span> <span class='ocrx_word' id='word_1_143' title='bbox 1251 2160 1388 2205; x_wconf 88' lang='lat' dir='ltr'>esse</span> <span class='ocrx_word' id='word_1_144' title='bbox 1433 2140 1753 2205; x_wconf 87' lang='lat' dir='ltr'>videntur.</span> <span class='ocrx_word' id='word_1_145' title='bbox 1839 2141 2008 2204; x_wconf 88' lang='lat' dir='ltr'>Dicit</span> <span class='ocrx_word' id='word_1_146' title='bbox 2052 2143 2224 2205; x_wconf 91' lang='lat' dir='ltr'>enim</span> <span class='ocrx_word' id='word_1_147' title='bbox 2261 2141 2554 2205; x_wconf 89' lang='lat' dir='ltr'>Valerius</span> <span class='ocrx_word' id='word_1_148' title='bbox 2601 2140 2846 2204; x_wconf 77' lang='lat' dir='ltr'>Maxi-&#39;</span> 
     </span>
    </p>
   </div>
   <div class='ocr_carea' id='block_1_3' title="bbox 506 2238 2922 2326">
    <p class='ocr_par' dir='ltr' id='par_1_3' title="bbox 506 2238 2922 2326">
     <span class='ocr_line' id='line_1_19' title="bbox 506 2238 2922 2326; baseline -0.001 -19"><span class='ocrx_word' id='word_1_149' title='bbox 506 2264 647 2307; x_wconf 90' lang='lat' dir='ltr'>mus</span> <span class='ocrx_word' id='word_1_150' title='bbox 679 2246 777 2326; x_wconf 84' lang='lat'>⁵):</span> <span class='ocrx_word' id='word_1_151' title='bbox 831 2238 1182 2323; x_wconf 83' lang='lat' dir='ltr'>„Regulum</span> <span class='ocrx_word' id='word_1_152' title='bbox 1232 2241 1557 2326; x_wconf 89' lang='lat' dir='ltr'>palpebris</span> <span class='ocrx_word' id='word_1_153' title='bbox 1600 2243 1862 2306; x_wconf 87' lang='lat' dir='ltr'>resectis</span> <span class='ocrx_word' id='word_1_154' title='bbox 1907 2241 2275 2320; x_wconf 89' lang='lat' dir='ltr'>machinae,</span> <span class='ocrx_word' id='word_1_155' title='bbox 2334 2243 2398 2306; x_wconf 91' lang='lat' dir='ltr'>in</span> <span class='ocrx_word' id='word_1_156' title='bbox 2445 2262 2574 2324; x_wconf 89' lang='lat' dir='ltr'>qua</span> <span class='ocrx_word' id='word_1_157' title='bbox 2617 2241 2807 2305; x_wconf 87' lang='lat' dir='ltr'>undi-</span> <span class='ocrx_word' id='word_1_158' title='bbox 2903 2288 2922 2294; x_wconf 74' lang='lat'>-</span> 
     </span>
    </p>
   </div>
   <div class='ocr_carea' id='block_1_4' title="bbox 425 2343 2842 3860">
    <p class='ocr_par' dir='ltr' id='par_1_4' title="bbox 425 2343 2842 3860">
     <span class='ocr_line' id='line_1_20' title="bbox 507 2343 2809 2429; baseline 0 -21"><span class='ocrx_word' id='word_1_159' title='bbox 507 2366 631 2429; x_wconf 89' lang='lat' dir='ltr'>que</span> <span class='ocrx_word' id='word_1_160' title='bbox 675 2344 922 2408; x_wconf 88' lang='lat' dir='ltr'>stimuli</span> <span class='ocrx_word' id='word_1_161' title='bbox 968 2344 1356 2419; x_wconf 86' lang='lat' dir='ltr'>eminerent,</span> <span class='ocrx_word' id='word_1_162' title='bbox 1402 2343 1723 2408; x_wconf 90' lang='lat' dir='ltr'>inclusum</span> <span class='ocrx_word' id='word_1_163' title='bbox 1755 2344 2088 2426; x_wconf 87' lang='lat' dir='ltr'>vigilantia</span> <span class='ocrx_word' id='word_1_164' title='bbox 2130 2351 2198 2408; x_wconf 92' lang='lat' dir='ltr'>et</span> <span class='ocrx_word' id='word_1_165' title='bbox 2240 2345 2543 2408; x_wconf 78' lang='lat' dir='ltr'>continuo</span> <span class='ocrx_word' id='word_1_166' title='bbox 2587 2350 2809 2408; x_wconf 85' lang='lat' dir='ltr'>tractu</span> 
     </span>
     <span class='ocr_line' id='line_1_21' title="bbox 507 2445 2810 2529; baseline -0.001 -17"><span class='ocrx_word' id='word_1_167' title='bbox 507 2445 744 2513; x_wconf 87' lang='lat' dir='ltr'>doloris</span> <span class='ocrx_word' id='word_1_168' title='bbox 787 2464 925 2509; x_wconf 90' lang='lat' dir='ltr'>esse</span> <span class='ocrx_word' id='word_1_169' title='bbox 954 2448 1328 2523; x_wconf 62' lang='lat' dir='ltr'>necatum‘,</span> <span class='ocrx_word' id='word_1_170' title='bbox 1405 2445 1632 2510; x_wconf 87' lang='lat' dir='ltr'>Florus</span> <span class='ocrx_word' id='word_1_171' title='bbox 1663 2448 1721 2527; x_wconf 83' lang='grc'>6)</span> <span class='ocrx_word' id='word_1_172' title='bbox 1767 2446 2097 2529; x_wconf 90' lang='lat' dir='ltr'>ambigens</span> <span class='ocrx_word' id='word_1_173' title='bbox 2145 2467 2303 2527; x_wconf 86' lang='lat' dir='ltr'>„nec</span> <span class='ocrx_word' id='word_1_174' title='bbox 2343 2446 2636 2526; x_wconf 79' lang='lat' dir='ltr'>ultimo“,</span> <span class='ocrx_word' id='word_1_175' title='bbox 2712 2447 2810 2509; x_wconf 89' lang='lat' dir='ltr'>in·</span> 
     </span>
     <span class='ocr_line' id='line_1_22' title="bbox 508 2547 2810 2633; baseline 0 -20"><span class='ocrx_word' id='word_1_176' title='bbox 508 2550 650 2633; x_wconf 91' lang='lat' dir='ltr'>quit</span> <span class='ocrx_word' id='word_1_177' title='bbox 719 2549 888 2628; x_wconf 88' lang='lat' dir='ltr'>„sive</span> <span class='ocrx_word' id='word_1_178' title='bbox 947 2549 1222 2612; x_wconf 85' lang='lat' dir='ltr'>carceris</span> <span class='ocrx_word' id='word_1_179' title='bbox 1282 2547 1414 2611; x_wconf 87' lang='lat' dir='ltr'>sive</span> <span class='ocrx_word' id='word_1_180' title='bbox 1472 2550 1680 2614; x_wconf 86' lang='lat' dir='ltr'>crucis</span> <span class='ocrx_word' id='word_1_181' title='bbox 1741 2549 2052 2632; x_wconf 87' lang='lat' dir='ltr'>supplicio</span> <span class='ocrx_word' id='word_1_182' title='bbox 2097 2548 2459 2614; x_wconf 82' lang='lat' dir='ltr'>deformata</span> <span class='ocrx_word' id='word_1_183' title='bbox 2503 2549 2810 2614; x_wconf 87' lang='lat' dir='ltr'>maiestas</span> 
     </span>
     <span class='ocr_line' id='line_1_23' title="bbox 506 2648 2807 2742; baseline -0.001 -27"><span class='ocrx_word' id='word_1_184' title='bbox 506 2650 822 2742; x_wconf 55' lang='lat' dir='ltr'>Reguli“‚⁶</span> <span class='ocrx_word' id='word_1_185' title='bbox 873 2648 1068 2714; x_wconf 89' lang='lat' dir='ltr'>Silius</span> <span class='ocrx_word' id='word_1_186' title='bbox 1111 2648 1378 2714; x_wconf 91' lang='lat' dir='ltr'>Italicus</span> <span class='ocrx_word' id='word_1_187' title='bbox 1412 2651 1470 2729; x_wconf 88' lang='lat'>⁷)</span> <span class='ocrx_word' id='word_1_188' title='bbox 1530 2651 1636 2732; x_wconf 90' lang='lat' dir='ltr'>„in</span> <span class='ocrx_word' id='word_1_189' title='bbox 1695 2651 2058 2716; x_wconf 85' lang='lat' dir='ltr'>machinam</span> <span class='ocrx_word' id='word_1_190' title='bbox 2121 2651 2397 2733; x_wconf 89' lang='lat' dir='ltr'>ligneam</span> <span class='ocrx_word' id='word_1_191' title='bbox 2455 2651 2807 2714; x_wconf 85' lang='lat' dir='ltr'>introrsum</span> 
     </span>
     <span class='ocr_line' id='line_1_24' title="bbox 507 2751 2842 2834; baseline 0.001 -17"><span class='ocrx_word' id='word_1_192' title='bbox 507 2752 782 2817; x_wconf 89' lang='lat' dir='ltr'>stimulis</span> <span class='ocrx_word' id='word_1_193' title='bbox 840 2752 1153 2815; x_wconf 88' lang='lat' dir='ltr'>hirsutam</span> <span class='ocrx_word' id='word_1_194' title='bbox 1215 2751 1530 2834; x_wconf 88' lang='lat' dir='ltr'>Regulum</span> <span class='ocrx_word' id='word_1_195' title='bbox 1590 2753 1909 2818; x_wconf 88' lang='lat' dir='ltr'>inclusum</span> <span class='ocrx_word' id='word_1_196' title='bbox 1968 2760 2035 2817; x_wconf 91' lang='lat' dir='ltr'>et</span> <span class='ocrx_word' id='word_1_197' title='bbox 2093 2755 2265 2818; x_wconf 92' lang='lat' dir='ltr'>cruci</span> <span class='ocrx_word' id='word_1_198' title='bbox 2322 2752 2582 2817; x_wconf 86' lang='lat' dir='ltr'>affixum</span> <span class='ocrx_word' id='word_1_199' title='bbox 2626 2757 2842 2830; x_wconf 56' lang='lat' dir='ltr'>esse“,</span> 
     </span>
     <span class='ocr_line' id='line_1_25' title="bbox 507 2854 2811 2939; baseline 0 -20"><span class='ocrx_word' id='word_1_200' title='bbox 507 2861 774 2933; x_wconf 82' lang='lat' dir='ltr'>narrat,</span> <span class='ocrx_word' id='word_1_201' title='bbox 824 2854 1172 2938; x_wconf 86' lang='lat' dir='ltr'>Eutropius</span> <span class='ocrx_word' id='word_1_202' title='bbox 1196 2854 1258 2937; x_wconf 85' lang='lat'>8)</span> <span class='ocrx_word' id='word_1_203' title='bbox 1302 2875 1451 2919; x_wconf 92' lang='lat' dir='ltr'>eum</span> <span class='ocrx_word' id='word_1_204' title='bbox 1485 2855 1822 2936; x_wconf 88' lang='lat' dir='ltr'>„omnibus</span> <span class='ocrx_word' id='word_1_205' title='bbox 1867 2854 2197 2939; x_wconf 89' lang='lat' dir='ltr'>suppliciis</span> <span class='ocrx_word' id='word_1_206' title='bbox 2241 2855 2633 2920; x_wconf 86' lang='lat' dir='ltr'>extinctum“</span> <span class='ocrx_word' id='word_1_207' title='bbox 2670 2875 2811 2919; x_wconf 90' lang='lat' dir='ltr'>esse</span> 
     </span>
     <span class='ocr_line' id='line_1_26' title="bbox 507 2954 2809 3042; baseline -0.001 -20"><span class='ocrx_word' id='word_1_208' title='bbox 507 2956 741 3034; x_wconf 89' lang='lat' dir='ltr'>tradit,</span> <span class='ocrx_word' id='word_1_209' title='bbox 804 2954 1077 3034; x_wconf 45' lang='lat' dir='ltr'>¹Orosius</span> <span class='ocrx_word' id='word_1_210' title='bbox 1107 2957 1168 3035; x_wconf 82' lang='grc'>9)</span> <span class='ocrx_word' id='word_1_211' title='bbox 1223 2977 1371 3020; x_wconf 91' lang='lat' dir='ltr'>eum</span> <span class='ocrx_word' id='word_1_212' title='bbox 1433 2959 1735 3037; x_wconf 87' lang='lat' dir='ltr'>„resectis</span> <span class='ocrx_word' id='word_1_213' title='bbox 1791 2957 2119 3042; x_wconf 89' lang='lat' dir='ltr'>palpebris</span> <span class='ocrx_word' id='word_1_214' title='bbox 2171 2956 2491 3040; x_wconf 87' lang='lat' dir='ltr'>illigatum</span> <span class='ocrx_word' id='word_1_215' title='bbox 2546 2957 2617 3019; x_wconf 92' lang='lat' dir='ltr'>in</span> <span class='ocrx_word' id='word_1_216' title='bbox 2643 2976 2809 3026; x_wconf 73' lang='grc' dir='ltr'><strong>,ωει-</strong></span> 
     </span>
     <span class='ocr_line' id='line_1_27' title="bbox 506 3051 2809 3144; baseline 0 -21"><span class='ocrx_word' id='word_1_217' title='bbox 506 3059 699 3124; x_wconf 91' lang='lat' dir='ltr'>china</span> <span class='ocrx_word' id='word_1_218' title='bbox 764 3064 1063 3131; x_wconf 88' lang='lat' dir='ltr'>necatum</span> <span class='ocrx_word' id='word_1_219' title='bbox 1133 3064 1309 3122; x_wconf 89' lang='lat' dir='ltr'>esse“</span> <span class='ocrx_word' id='word_1_220' title='bbox 1379 3051 1610 3137; x_wconf 78' lang='lat' dir='ltr'>refert,</span> <span class='ocrx_word' id='word_1_221' title='bbox 1700 3060 1938 3125; x_wconf 88' lang='lat' dir='ltr'>similia</span> <span class='ocrx_word' id='word_1_222' title='bbox 1985 3061 2313 3144; x_wconf 88' lang='lat' dir='ltr'>Appianus</span> <span class='ocrx_word' id='word_1_223' title='bbox 2348 3065 2431 3139; x_wconf 85' lang='lat'>¹⁰)</span> <span class='ocrx_word' id='word_1_224' title='bbox 2458 3110 2475 3139; x_wconf 94' lang='lat'>,</span> <span class='ocrx_word' id='word_1_225' title='bbox 2543 3059 2809 3142; x_wconf 81' lang='lat' dir='ltr'>Polyae-</span> 
     </span>
     <span class='ocr_line' id='line_1_28' title="bbox 507 3149 2806 3245; baseline -0 -19"><span class='ocrx_word' id='word_1_226' title='bbox 507 3183 629 3226; x_wconf 92' lang='lat' dir='ltr'>nus</span> <span class='ocrx_word' id='word_1_227' title='bbox 663 3162 777 3245; x_wconf 87' lang='lat'>11),</span> <span class='ocrx_word' id='word_1_228' title='bbox 861 3160 1157 3223; x_wconf 88' lang='lat' dir='ltr'>Aurelius</span> <span class='ocrx_word' id='word_1_229' title='bbox 1202 3161 1422 3225; x_wconf 80' lang='lat' dir='ltr'>Victor</span> <span class='ocrx_word' id='word_1_230' title='bbox 1457 3162 1543 3241; x_wconf 86' lang='lat'>12)</span> <span class='ocrx_word' id='word_1_231' title='bbox 1591 3169 2114 3227; x_wconf 89' lang='lat' dir='ltr'>commemorant.</span> <span class='ocrx_word' id='word_1_232' title='bbox 2227 3164 2511 3227; x_wconf 87' lang='lat' dir='ltr'>Zonaras</span> <span class='ocrx_word' id='word_1_233' title='bbox 2547 3149 2636 3243; x_wconf 76' lang='grc'>13)</span> <span class='ocrx_word' id='word_1_234' title='bbox 2677 3181 2806 3226; x_wconf 89' lang='lat' dir='ltr'>non</span> 
     </span>
     <span class='ocr_line' id='line_1_29' title="bbox 507 3262 2805 3347; baseline -0.001 -18"><span class='ocrx_word' id='word_1_235' title='bbox 507 3264 714 3329; x_wconf 88' lang='lat' dir='ltr'>solum</span> <span class='ocrx_word' id='word_1_236' title='bbox 759 3283 837 3327; x_wconf 91' lang='lat' dir='ltr'>ea</span> <span class='ocrx_word' id='word_1_237' title='bbox 881 3262 960 3327; x_wconf 90' lang='lat' dir='ltr'>de</span> <span class='ocrx_word' id='word_1_238' title='bbox 1003 3283 1075 3330; x_wconf 87' lang='lat' dir='ltr'>re</span> <span class='ocrx_word' id='word_1_239' title='bbox 1132 3283 1277 3327; x_wconf 89' lang='lat' dir='ltr'>cum</span> <span class='ocrx_word' id='word_1_240' title='bbox 1322 3262 1556 3346; x_wconf 89' lang='lat' dir='ltr'>ceteris</span> <span class='ocrx_word' id='word_1_241' title='bbox 1609 3265 2032 3347; x_wconf 84' lang='lat' dir='ltr'>scriptoribus</span> <span class='ocrx_word' id='word_1_242' title='bbox 2077 3265 2423 3344; x_wconf 89' lang='lat' dir='ltr'>consentit,</span> <span class='ocrx_word' id='word_1_243' title='bbox 2489 3262 2805 3346; x_wconf 87' lang='lat' dir='ltr'>Regulum</span> 
     </span>
     <span class='ocr_line' id='line_1_30' title="bbox 504 3364 2809 3451; baseline 0 -22"><span class='ocrx_word' id='word_1_244' title='bbox 504 3386 729 3451; x_wconf 87' lang='lat' dir='ltr'>pacem</span> <span class='ocrx_word' id='word_1_245' title='bbox 773 3366 1080 3430; x_wconf 90' lang='lat' dir='ltr'>Romanis</span> <span class='ocrx_word' id='word_1_246' title='bbox 1125 3364 1531 3444; x_wconf 88' lang='lat' dir='ltr'>dissuasisse,</span> <span class='ocrx_word' id='word_1_247' title='bbox 1607 3367 1721 3430; x_wconf 89' lang='lat' dir='ltr'>sed</span> <span class='ocrx_word' id='word_1_248' title='bbox 1776 3367 1973 3431; x_wconf 79' lang='lat' dir='ltr'>etiam</span> <span class='ocrx_word' id='word_1_249' title='bbox 2019 3367 2100 3431; x_wconf 92' lang='lat' dir='ltr'>de</span> <span class='ocrx_word' id='word_1_250' title='bbox 2157 3366 2385 3451; x_wconf 88' lang='lat' dir='ltr'>Reguli</span> <span class='ocrx_word' id='word_1_251' title='bbox 2438 3371 2645 3430; x_wconf 89' lang='lat' dir='ltr'>morte</span> <span class='ocrx_word' id='word_1_252' title='bbox 2702 3385 2809 3429; x_wconf 89' lang='lat' dir='ltr'>ea-</span> 
     </span>
     <span class='ocr_line' id='line_1_31' title="bbox 507 3459 2808 3556; baseline -0.001 -22"><span class='ocrx_word' id='word_1_253' title='bbox 507 3468 653 3534; x_wconf 88' lang='lat' dir='ltr'>dem</span> <span class='ocrx_word' id='word_1_254' title='bbox 697 3474 893 3549; x_wconf 88' lang='lat' dir='ltr'>atque</span> <span class='ocrx_word' id='word_1_255' title='bbox 939 3466 1235 3533; x_wconf 87' lang='lat' dir='ltr'>Valerius</span> <span class='ocrx_word' id='word_1_256' title='bbox 1280 3466 1602 3531; x_wconf 89' lang='lat' dir='ltr'>Maximus</span> <span class='ocrx_word' id='word_1_257' title='bbox 1660 3459 1877 3533; x_wconf 85' lang='lat' dir='ltr'>refert.</span> <span class='ocrx_word' id='word_1_258' title='bbox 1998 3469 2051 3533; x_wconf 87' lang='lat' dir='ltr'><strong>E</strong></span> <span class='ocrx_word' id='word_1_259' title='bbox 2095 3468 2301 3534; x_wconf 90' lang='lat' dir='ltr'>Gellio</span> <span class='ocrx_word' id='word_1_260' title='bbox 2341 3472 2424 3551; x_wconf 81' lang='lat'>¹4)</span> <span class='ocrx_word' id='word_1_261' title='bbox 2488 3468 2808 3556; x_wconf 89' lang='lat' dir='ltr'>cognosci-</span> 
     </span>
     <span class='ocr_line' id='line_1_32' title="bbox 494 3569 2808 3656; baseline -0 -21"><span class='ocrx_word' id='word_1_262' title='bbox 494 3590 652 3636; x_wconf 80' lang='lat' dir='ltr'>·mus</span> <span class='ocrx_word' id='word_1_263' title='bbox 704 3576 857 3634; x_wconf 89' lang='lat' dir='ltr'>ante</span> <span class='ocrx_word' id='word_1_264' title='bbox 901 3569 1149 3633; x_wconf 86' lang='lat' dir='ltr'>Livium</span> <span class='ocrx_word' id='word_1_265' title='bbox 1198 3569 1449 3633; x_wconf 91' lang='lat' dir='ltr'>Aelium</span> <span class='ocrx_word' id='word_1_266' title='bbox 1495 3569 1898 3635; x_wconf 88' lang='lat' dir='ltr'>Tuberonem</span> <span class='ocrx_word' id='word_1_267' title='bbox 1943 3576 2011 3635; x_wconf 89' lang='lat' dir='ltr'>et</span> <span class='ocrx_word' id='word_1_268' title='bbox 2054 3571 2496 3656; x_wconf 89' lang='lat' dir='ltr'>Sempronium</span> <span class='ocrx_word' id='word_1_269' title='bbox 2542 3570 2808 3635; x_wconf 87' lang='lat' dir='ltr'>Tudita-</span> 
     </span>
     <span class='ocr_line' id='line_1_33' title="bbox 505 3671 2806 3757; baseline 0 -20"><span class='ocrx_word' id='word_1_270' title='bbox 505 3693 659 3737; x_wconf 91' lang='lat' dir='ltr'>num</span> <span class='ocrx_word' id='word_1_271' title='bbox 716 3673 1016 3739; x_wconf 80' lang='lat' dir='ltr'>accurate</span> <span class='ocrx_word' id='word_1_272' title='bbox 1076 3671 1155 3736; x_wconf 90' lang='lat' dir='ltr'>de</span> <span class='ocrx_word' id='word_1_273' title='bbox 1211 3671 1438 3754; x_wconf 86' lang='lat' dir='ltr'>Reguli</span> <span class='ocrx_word' id='word_1_274' title='bbox 1497 3677 1706 3736; x_wconf 87' lang='lat' dir='ltr'>morte</span> <span class='ocrx_word' id='word_1_275' title='bbox 1773 3673 2229 3756; x_wconf 88' lang='lat' dir='ltr'>disputavisse;</span> <span class='ocrx_word' id='word_1_276' title='bbox 2318 3679 2513 3757; x_wconf 84' lang='lat' dir='ltr'>atque</span> <span class='ocrx_word' id='word_1_277' title='bbox 2556 3672 2806 3738; x_wconf 87' lang='lat' dir='ltr'>Tubero</span> 
     </span>
     <span class='ocr_line' id='line_1_34' title="bbox 425 3773 2807 3860; baseline 0 -21"><span class='ocrx_word' id='word_1_278' title='bbox 425 3787 433 3791; x_wconf 79' lang='grc'><strong><em>’</em></strong></span> <span class='ocrx_word' id='word_1_279' title='bbox 507 3774 765 3860; x_wconf 87' lang='lat' dir='ltr'>quidem</span> <span class='ocrx_word' id='word_1_280' title='bbox 807 3773 968 3839; x_wconf 89' lang='lat' dir='ltr'>haec</span> <span class='ocrx_word' id='word_1_281' title='bbox 1008 3773 1353 3840; x_wconf 86' lang='lat' dir='ltr'>tradidisse</span> <span class='ocrx_word' id='word_1_282' title='bbox 1399 3773 1671 3853; x_wconf 90' lang='lat' dir='ltr'>dicitur,</span> <span class='ocrx_word' id='word_1_283' title='bbox 1746 3775 2059 3860; x_wconf 88' lang='lat' dir='ltr'>Regulum</span> <span class='ocrx_word' id='word_1_284' title='bbox 2106 3777 2172 3840; x_wconf 92' lang='lat' dir='ltr'>in</span> <span class='ocrx_word' id='word_1_285' title='bbox 2217 3782 2394 3840; x_wconf 88' lang='lat' dir='ltr'>atras</span> <span class='ocrx_word' id='word_1_286' title='bbox 2437 3781 2505 3840; x_wconf 90' lang='lat' dir='ltr'>et</span> <span class='ocrx_word' id='word_1_287' title='bbox 2544 3775 2807 3860; x_wconf 87' lang='lat' dir='ltr'>profun-</span> 
     </span>
    </p>
   </div>
   <div class='ocr_carea' id='block_1_5' title="bbox 509 3907 915 3918">
    <p class='ocr_par' dir='ltr' id='par_1_5' title="bbox 509 3907 915 3918">
     <span class='ocr_line' id='line_1_35' title="bbox 509 3907 915 3918; baseline 0 1103"><span class='ocrx_word' id='word_1_288' title='bbox 509 3907 915 3918; x_wconf 95' lang='lat' dir='ltr'> </span> 
     </span>
    </p>
   </div>
   <div class='ocr_carea' id='block_1_6' title="bbox 509 3969 2810 4391">
    <p class='ocr_par' dir='ltr' id='par_1_6' title="bbox 509 3969 2800 4215">
     <span class='ocr_line' id='line_1_36' title="bbox 652 3969 2772 4041; baseline 0 -16"><span class='ocrx_word' id='word_1_289' title='bbox 652 3969 694 4040; x_wconf 85' lang='lat'>1)</span> <span class='ocrx_word' id='word_1_290' title='bbox 764 3969 913 4038; x_wconf 89' lang='lat' dir='ltr'>VIII,</span> <span class='ocrx_word' id='word_1_291' title='bbox 953 3972 1038 4023; x_wconf 88' lang='lat'>14.</span> <span class='ocrx_word' id='word_1_292' title='bbox 1225 3969 1270 4039; x_wconf 77' lang='grc'>2)</span> <span class='ocrx_word' id='word_1_293' title='bbox 1343 3986 1401 4038; x_wconf 87' lang='lat' dir='ltr'>p.</span> <span class='ocrx_word' id='word_1_294' title='bbox 1439 3970 1503 4022; x_wconf 85' lang='lat'>31</span> <span class='ocrx_word' id='word_1_295' title='bbox 1546 3970 1630 4024; x_wconf 87' lang='lat' dir='ltr'>ed.</span> <span class='ocrx_word' id='word_1_296' title='bbox 1665 3970 1827 4024; x_wconf 87' lang='lat' dir='ltr'>Jahn.</span> <span class='ocrx_word' id='word_1_297' title='bbox 2001 3971 2047 4040; x_wconf 84' lang='lat'>3)</span> <span class='ocrx_word' id='word_1_298' title='bbox 2119 3972 2220 4026; x_wconf 88' lang='lat' dir='ltr'>cfr.</span> <span class='ocrx_word' id='word_1_299' title='bbox 2254 3970 2497 4041; x_wconf 85' lang='lat' dir='ltr'>perioch.</span> <span class='ocrx_word' id='word_1_300' title='bbox 2546 3970 2585 4024; x_wconf 91' lang='lat' dir='ltr'>l.</span> <span class='ocrx_word' id='word_1_301' title='bbox 2621 3970 2772 4025; x_wconf 86' lang='lat' dir='ltr'>XIX.</span> 
     </span>
     <span class='ocr_line' id='line_1_37' title="bbox 512 4055 2800 4132; baseline -0 -22"><span class='ocrx_word' id='word_1_302' title='bbox 512 4131 515 4132; x_wconf 15' lang='lat'><em>⁷</em></span> <span class='ocrx_word' id='word_1_303' title='bbox 646 4056 693 4125; x_wconf 86' lang='lat'>⁴)</span> <span class='ocrx_word' id='word_1_304' title='bbox 757 4056 925 4111; x_wconf 88' lang='lat' dir='ltr'>Sicul.</span> <span class='ocrx_word' id='word_1_305' title='bbox 960 4055 1028 4110; x_wconf 84' lang='lat' dir='ltr'>fr.</span> <span class='ocrx_word' id='word_1_306' title='bbox 1063 4057 1115 4109; x_wconf 87' lang='grc'>2.</span> <span class='ocrx_word' id='word_1_307' title='bbox 1254 4055 1300 4124; x_wconf 85' lang='grc'>5)</span> <span class='ocrx_word' id='word_1_308' title='bbox 1357 4055 1522 4111; x_wconf 89' lang='lat' dir='ltr'>Sicul.</span> <span class='ocrx_word' id='word_1_309' title='bbox 1562 4057 1627 4111; x_wconf 87' lang='lat' dir='ltr'>fr.</span> <span class='ocrx_word' id='word_1_310' title='bbox 1663 4060 1715 4112; x_wconf 83' lang='lat'>4.</span> <span class='ocrx_word' id='word_1_311' title='bbox 1890 4057 1936 4126; x_wconf 79' lang='lat'>⁶)</span> <span class='ocrx_word' id='word_1_312' title='bbox 1986 4058 2082 4127; x_wconf 90' lang='lat' dir='ltr'>IX,</span> <span class='ocrx_word' id='word_1_313' title='bbox 2120 4060 2170 4129; x_wconf 89' lang='lat'>2,</span> <span class='ocrx_word' id='word_1_314' title='bbox 2208 4063 2316 4113; x_wconf 85' lang='lat' dir='ltr'>ext.</span> <span class='ocrx_word' id='word_1_315' title='bbox 2358 4063 2404 4114; x_wconf 90' lang='lat'>1.</span> <span class='ocrx_word' id='word_1_316' title='bbox 2541 4058 2585 4126; x_wconf 83' lang='lat'>⁷)</span> <span class='ocrx_word' id='word_1_317' title='bbox 2641 4075 2698 4127; x_wconf 86' lang='lat' dir='ltr'>p.</span> <span class='ocrx_word' id='word_1_318' title='bbox 2738 4060 2800 4110; x_wconf 86' lang='lat'>31</span> 
     </span>
     <span class='ocr_line' id='line_1_38' title="bbox 509 4142 2673 4215; baseline -0.001 -15"><span class='ocrx_word' id='word_1_319' title='bbox 509 4144 594 4200; x_wconf 85' lang='lat' dir='ltr'>ed.</span> <span class='ocrx_word' id='word_1_320' title='bbox 628 4142 793 4197; x_wconf 83' lang='lat' dir='ltr'>Jahn.</span> <span class='ocrx_word' id='word_1_321' title='bbox 963 4142 1010 4208; x_wconf 83' lang='lat'>8)</span> <span class='ocrx_word' id='word_1_322' title='bbox 1077 4143 1148 4199; x_wconf 89' lang='lat' dir='ltr'>de</span> <span class='ocrx_word' id='word_1_323' title='bbox 1179 4144 1326 4199; x_wconf 92' lang='lat' dir='ltr'>bello</span> <span class='ocrx_word' id='word_1_324' title='bbox 1361 4143 1571 4199; x_wconf 89' lang='lat' dir='ltr'>Punico</span> <span class='ocrx_word' id='word_1_325' title='bbox 1606 4145 1683 4215; x_wconf 90' lang='lat'>11,</span> <span class='ocrx_word' id='word_1_326' title='bbox 1721 4147 1842 4200; x_wconf 84' lang='lat'>343.</span> <span class='ocrx_word' id='word_1_327' title='bbox 1916 4145 2024 4215; x_wconf 91' lang='lat' dir='ltr'>VI,</span> <span class='ocrx_word' id='word_1_328' title='bbox 2067 4147 2187 4201; x_wconf 82' lang='lat'>539.</span> <span class='ocrx_word' id='word_1_329' title='bbox 2362 4145 2406 4215; x_wconf 78' lang='lat'>⁹)</span> <span class='ocrx_word' id='word_1_330' title='bbox 2477 4145 2548 4214; x_wconf 90' lang='lat'>11,</span> <span class='ocrx_word' id='word_1_331' title='bbox 2585 4147 2673 4199; x_wconf 83' lang='lat'>35.</span> 
     </span>
    </p>

    <p class='ocr_par' dir='ltr' id='par_1_7' title="bbox 649 4230 2810 4303">
     <span class='ocr_line' id='line_1_39' title="bbox 649 4230 2810 4303; baseline 0.002 -20"><span class='ocrx_word' id='word_1_332' title='bbox 649 4230 718 4297; x_wconf 84' lang='lat'>¹⁰)</span> <span class='ocrx_word' id='word_1_333' title='bbox 789 4230 882 4298; x_wconf 80' lang='lat' dir='ltr'>IV,</span> <span class='ocrx_word' id='word_1_334' title='bbox 924 4231 1004 4283; x_wconf 91' lang='grc'>10.</span> <span class='ocrx_word' id='word_1_335' title='bbox 1145 4231 1215 4296; x_wconf 86' lang='lat'>1¹)</span> <span class='ocrx_word' id='word_1_336' title='bbox 1290 4231 1395 4287; x_wconf 87' lang='lat' dir='ltr'>Sic.</span> <span class='ocrx_word' id='word_1_337' title='bbox 1434 4234 1484 4286; x_wconf 77' lang='lat'>2.</span> <span class='ocrx_word' id='word_1_338' title='bbox 1537 4231 1696 4299; x_wconf 81' lang='lat' dir='ltr'>Liby.</span> <span class='ocrx_word' id='word_1_339' title='bbox 1733 4236 1782 4287; x_wconf 88' lang='lat'>4.</span> <span class='ocrx_word' id='word_1_340' title='bbox 1927 4233 1993 4297; x_wconf 61' lang='grc'>12)</span> <span class='ocrx_word' id='word_1_341' title='bbox 2066 4233 2213 4303; x_wconf 87' lang='lat' dir='ltr'>VIII,</span> <span class='ocrx_word' id='word_1_342' title='bbox 2257 4235 2339 4288; x_wconf 81' lang='lat'>12.</span> <span class='ocrx_word' id='word_1_343' title='bbox 2479 4233 2547 4303; x_wconf 75' lang='grc'>13)</span> <span class='ocrx_word' id='word_1_344' title='bbox 2608 4251 2655 4288; x_wconf 86' lang='lat' dir='ltr'>c.</span> <span class='ocrx_word' id='word_1_345' title='bbox 2691 4233 2810 4287; x_wconf 88' lang='lat' dir='ltr'>XL.</span> 
     </span>
    </p>

    <p class='ocr_par' dir='ltr' id='par_1_8' title="bbox 651 4317 1917 4391">
     <span class='ocr_line' id='line_1_40' title="bbox 651 4317 1917 4391; baseline -0.002 -13"><span class='ocrx_word' id='word_1_346' title='bbox 651 4318 720 4389; x_wconf 80' lang='lat'>¹⁴)</span> <span class='ocrx_word' id='word_1_347' title='bbox 789 4317 954 4388; x_wconf 84' lang='lat' dir='ltr'>VIII,</span> <span class='ocrx_word' id='word_1_348' title='bbox 994 4319 1079 4372; x_wconf 85' lang='lat'>15.</span> <span class='ocrx_word' id='word_1_349' title='bbox 1250 4318 1319 4388; x_wconf 65' lang='grc' dir='ltr'>ιὃ)</span> <span class='ocrx_word' id='word_1_350' title='bbox 1387 4319 1492 4374; x_wconf 85' lang='lat' dir='ltr'>Vn</span> <span class='ocrx_word' id='word_1_351' title='bbox 1528 4320 1667 4391; x_wconf 86' lang='lat' dir='ltr'>(VI),</span> <span class='ocrx_word' id='word_1_352' title='bbox 1705 4323 1739 4373; x_wconf 85' lang='lat'><strong>3</strong></span> <span class='ocrx_word' id='word_1_353' title='bbox 1774 4324 1832 4375; x_wconf 87' lang='lat' dir='ltr'>et</span> <span class='ocrx_word' id='word_1_354' title='bbox 1864 4323 1917 4375; x_wconf 87' lang='lat'>4.</span> 
     </span>
    </p>
   </div>
   <div class='ocr_carea' id='block_1_7' title="bbox 3030 0 3056 5005">
    <p class='ocr_par' dir='ltr' id='par_1_9' title="bbox 3030 0 3056 5005">
     <span class='ocr_line' id='line_1_41' title="bbox 3030 0 3056 5005; baseline 0 0"><span class='ocrx_word' id='word_1_355' title='bbox 3030 0 3056 5005; x_wconf 95' lang='lat' dir='ltr'> </span> 
     </span>
    </p>
   </div>
  </div>
 </body>
</html>
