3088 5021
1452 359 1533 426 41

524 527 768 592 Nuntio
814 527 892 590 de
936 527 1161 609 Reguli
1218 527 1398 605 clade
1459 528 1726 595 Romam
1791 524 1992 590 allato
2046 523 2318 588 Romani
2375 521 2645 587 classem

278 703 282 707 ‚
349 635 672 696 ornarunt
744 630 928 714 eique
1003 630 1294 696 Servium
1367 631 1696 710 Fulvium,
1785 629 1871 693 M.
1941 627 2279 692 Aemilium
2353 615 2645 689 consules

347 733 841 818 praefecerunt,
919 733 1027 816 qui
1077 732 1637 813 Carthaginienses
1673 733 1984 795 'vinei-unt.
2101 730 2382 808 Quarum
2429 747 2644 791 rerum

350 835 794 900 narrationem
838 835 1136 919 Polybius
1182 841 1246 899 et
1290 835 1507 899 Livius
1552 856 1586 899 e
1618 834 1816 899 Fabio
1861 832 2285 916 desumpsisse
2325 831 2643 925 videntur,

352 959 506 1003 cum
548 937 799 1021 Polybii
835 941 893 1019 ¹)
951 944 1018 1002 et
1062 938 1355 1022 Eutropii
1390 940 1445 1014 2)
1503 942 1569 1001 et
1612 935 1821 1001 Orosii
1852 938 1911 1015 3)
1965 934 2160 999 verba
2220 933 2379 998 sat-is
2436 931 2643 996 conci·

350 1044 534 1104 nant.
653 1039 957 1122 Polybius·
1010 1040 1267 1124 quidem
1327 1039 1488 1107 dicit
1533 1039 1747 1104 CCCL
1803 1059 2002 1102 naves
2057 1058 2097 1101 a
2142 1035 2449 1101 Romanis
2506 1032 2644 1099 e'sse

350 1147 646 1218 ornatas,
725 1141 928 1206 CXIV
975 1143 1333 1206 Poenorum
1393 1162 1592 1206 naves
1660 1146 1916 1225 captae,
1988 1140 2339 1222 Eutropius
2385 1138 2541 1203 CCC
2604 1158 2645 1203 a

347 1244 658 1308 Romanis
702 1264 838 1308 esse
883 1243 1292 1322 aedificataS‚
1353 1228 1498 1308 CIV
1541 1244 1817 1309 Punicas
1862 1262 2057 1307 naves
2101 1247 2357 1325 captaS,
2423 1246 2642 1305 tamen

349 1367 765 1411 numerorum
821 1344 1187 1411 differentia
1243 1346 1652 1411 librariorum
1711 1351 1965 1410 tantum
2022 1343 2273 1408 incuria
2317 1348 2461 1407 orta
2506 1363 2644 1407 esse

347 1448 624 1513 videtur.
716 1449 988 1513 Romani
1034 1449 1365 1533 scriptoris
1408 1450 1823 1514 iactationem
1869 1447 2115 1531 Polybii
2147 1449 2208 1529 4)
2251 1446 2445 1510 verba
2498 1467 2643 1529 pro-

349 1550 554 1616 dunt:
617 1547 890 1630 τούτους
934 1556 1047 1631 (sc.
1095 1547 1249 1630 τοὺς
1295 1546 1800 1639 Καρχηδονίους)
1857 1546 1931 1632 ἐξ
1970 1546 2212 1638 ἐφόδου
2251 1545 2364 1613 καὶ
2405 1550 2645 1639 ῥᾳδίως

346 1649 755 1739 τρεψάμενοι
812 1660 928 1736 (sc.
975 1649 1038 1719 οἳ
1076 1649 1410 1737 Ῥωμαῖοι)
1467 1641 1706 1738 ἓῖαβον
1746 1649 2140 1740 αὐτάνδρους
2180 1649 2411 1718 ἕκατον
2457 1653 2645 1719 δεκα-

346 1755 689 1841 τέτταρας,
738 1778 947 1842 neque
988 1758 1288 1822 assentiri
1331 1779 1590 1841 possum
1622 1757 1970 1823 Niebuhrio
1995 1752 2092 1841 ⁵),
2123 1758 2233 1841 qui
2264 1758 2643 1827 vocabulum

348 1855 584 1924 ἕκατον
627 1859 1004 1924 eiiciendum
1051 1860 1340 1944 putavit,
1387 1881 1529 1924 cum
1581 1860 1928 1944 Eutropius
1971 1867 2037 1925 et
2081 1860 2341 1925 Orosius
2386 1866 2642 1926 centum

349 1961 630 2044 amplius
688 1983 883 2027 naves
925 1962 1199 2026 Punicas
1245 1967 1469 2046 captas
1528 1983 1663 2027 esse
1710 1962 1949 2027 dicant.
2067 1958 2474 2027 Niebuhrius'
2513 1963 2642 2027 for-

349 2069 524 2129 tasse
567 2063 689 2128 hoc
732 2085 767 2129 e
816 2052 1077 2129 Diodori
1108 2066 1170 2146 6)
1215 2064 1426 2129 verbis
1470 2065 1758 2147 collegit;
1835 2070 1905 2128 at
1948 2063 2107 2128 haec
2152 2085 2279 2128 non
2327 2065 2642 2130 incuriam

352 2166 769 2232 librariorum
825 2166 1203 2246 ostendunt,
1280 2167 1389 2232 sed
1434 2167 1935 2247 demonstrant,
2009 2166 2382 2232 Diodorum‘
2421 2188 2538 2232 sua
2607 2190 2642 2233 e

346 2267 608 2333 -Philino
652 2268 972 2349 hausisse,
1032 2270 1141 2352 qui
1188 2269 1821 2351 Carthaginiensium
1869 2269 2084 2334 clades
2129 2269 2414 2334 minuere
2459 2270 2639 2335 solet.

346 2407 432 2422 --
503 2371 802 2435 Fortasse
849 2370 1103 2435 Philino·
1145 2377 1211 2436 et
1256 2371 1536 2436 Diodoro
1582 2372 1931 2450 debentur,
2005 2392 2170 2454 quae
2215 2371 2292 2436 de
2337 2371 2642 2437 Romanis

346 2473 415 2539 in
479 2472 759 2539 Africam
825 2473 1274 2558 navigantibus
1338 2474 1407 2539 in
1476 2475 1765 2539 Zonarae
1805 2475 1860 2557 ⁷)
1928 2474 2269 2541 annalibus
2343 2474 2642 2559 leguntur

347 2577 589 2660 scripta
611 2625 626 2655 ,
701 2597 842 2641 cum
891 2597 1018 2641 non
1064 2578 1270 2642 solum
1316 2578 1489 2642 mala
1512 2627 1527 2655 ,
1606 2578 1837 2661 quibus
1882 2578 2149 2642 Romani
2212 2577 2425 2643 affecti
2472 2586 2640 2659 sunt,

347 2678 462 2764 sexd
507 2680 701 2743 etiam
746 2680 963 2744 omnia
1006 2681 1099 2744 ita
1149 2680 1279 2745 sint
1322 2686 1728 2764 comparata,
1786 2688 1860 2745 ut
1908 2680 2470 2764 Carthaginienses
2510 2704 2638 2748 non

346 2783 585 2847 virtute
631 2781 741 2847 sed
787 2781 934 2847 dolo
979 2782 1415 2847 Romanorum
1462 2784 1613 2848 victi
1658 2804 1795 2848 esse
1838 2784 2197 2849 videantur.

519 2886 795 2951 Romani
837 2886 1195 2950 Poenorum
1239 2886 1438 2951 classe
1486 2886 1711 2970 fugata
1754 2886 1838 2951 ad
1871 2887 2153 2951 Africam
2203 2908 2400 2953 naves
2441 2892 2643 2974 appu-

346 2989 594 3068 lerunt,
667 2990 912 3054 Poenos
954 2990 1066 3071 qui
1112 2988 1284 3073 apud
1331 2989 1642 3074 Clupeam
1690 2990 1768 3053 iis
1814 2996 2262 3072 occurrerunt,
2329 2993 2638 3073 vicerunt,

345 3098 423 3156 ut
465 3091 729 3157 Orosius
759 3093 815 3169 8)
859 3098 924 3156 et
969 3092 1251 3157 Zonaras
1282 3096 1369 3172 9),
1429 3092 1680 3157 Livium
1726 3094 1925 3158 secuti
1970 3093 2253 3159 tradunt.
2340 3095 2641 3179 Polybius

347 3194 429 3259 de
471 3194 592 3260 hoc
635 3194 878 3278 proelio
924 3216 1189 3280 prorsus
1231 3201 1433 3275 tacet,
1480 3202 1675 3280 atque
1721 3197 2044 3264 Romanos
2089 3198 2309 3263 statim
2353 3220 2499 3264 cum
2542 3199 2642 3281 iis,

347 3299 461 3381 qui
513 3318 548 3362 e
593 3296 818 3379 Reguli
879 3300 1163 3363 exercitu
1212 3299 1524 3384 Clupeam
1570 3297 2027 3383 confugerant,
2102 3302 2167 3365 in
2212 3300 2495 3367 Siciliam
2542 3323 2644 3378 ree

232 3433 241 3440 ’
344 3401 539 3466 diisse
583 3400 758 3466 dicit.

519 3504 613 3568 De
657 3504 998 3588 naufragio
1043 3505 1214 3589 quod
1253 3504 1527 3569 Romani
1574 3525 1653 3568 ex
1685 3503 1902 3570 Africa
1944 3504 2329 3572 in-Siciliam
2372 3507 2643 3573 redeun-

346 3613 446 3671 tes
489 3609 660 3691 passi
705 3612 886 3686 sunt,
949 3613 1015 3672 et
1058 3608 1293 3672 Philini
1340 3614 1404 3673 et
1447 3607 1635 3672 Fabii
1677 3609 2081 3672 narrationes
2125 3610 2309 3675 nobis
2352 3615 2643 3675 servatae

347 3718 543 3787 sunt,
589 3710 809 3775 Livius
853 3710 1024 3774 enim
1069 3716 1134 3775 et
1178 3710 1479 3793 Polybius
1525 3710 1793 3774 Fabium
1844 3712 2043 3775 secuti
2091 3717 2272 3789 sunt,
2334 3734 2478 3777 cum
2525 3714 2642 3778 Po-

343 3813 500 3897 lybii
539 3815 654 3895 1⁰),
719 3812 1011 3896 Eutropii
1047 3817 1162 3895 ¹¹),
1226 3813 1435 3877 Orosii
1472 3815 1564 3897 12)
1606 3813 1805 3879 verba
1848 3814 2005 3878 satis
2050 3814 2425 3894 concinant,
2494 3814 2642 3880 Dio-

488 4079 530 4146 1)
602 4076 645 4145 1,
683 4078 767 4143 36,
807 4076 839 4129 5
875 4092 987 4143 seq.
1139 4075 1212 4145 ’2)
1284 4074 1353 4144 11,
1393 4077 1480 4130 22.
1660 4075 1705 4145 3)
1776 4075 1869 4143 IV,
1906 4077 1957 4129 9.
2143 4071 2188 4143 4)
2259 4074 2306 4139 I,
2349 4076 2433 4145 36,
2474 4078 2557 4131 11.

488 4165 535 4227 5)
593 4164 802 4220 Vorles.
839 4164 979 4218 fiber
1014 4163 1172 4217 Rom.
1210 4162 1405 4217 Gesch.
1442 4163 1524 4217 ed.
1565 4163 1718 4217 Isler.
1753 4163 1825 4216 Π.
1861 4180 1917 4231 p.
1942 4163 2025 4216 24.
2168 4161 2214 4230 ⁶)
2287 4163 2490 4235 XXIII,
2522 4169 2604 4221 18.

483 4252 530 4321 7)
588 4251 739 4320 V111,
772 4251 881 4330 143
1040 4250 1088 4320 8)
1157 4252 1251 4321 IV,
1287 4254 1336 4306 9.
1516 4251 1562 4322 9)
1633 4251 1777 4319 VIII,
1818 4252 1899 4304 14.
2076 4248 2145 4318 ¹⁰)
2215 4251 2257 4322 1,
2296 4253 2381 4308 37.
2485 4288 2489 4291 <
2638 4259 2642 4264 '

488 4336 558 4408 ¹¹)
627 4339 698 4408 ΙΙ,
734 4340 820 4393 22.
998 4338 1070 4410 ¹2)
1142 4340 1236 4410 IV,
1276 4330 1326 4396 9.
