3088 5021
1566 354 1649 416 38

603 515 736 581 Has
780 515 1186 581 narrationes
1231 535 1310 579 ex
1352 531 1482 579 uno
1528 513 1706 579 fonte
1752 533 1888 578 esse
1935 513 2204 578 haustas
2247 513 2406 577 satis
2450 516 2749 577 constare

448 618 609 684 mihi
654 617 950 696 videtur3
1025 618 1279 682 Livium
1323 622 1541 681 autem
1584 616 1767 680 illum
1815 621 2144 680 auctorem
2188 615 2413 694 fuisse,
2479 636 2608 679 non
2652 634 2753 678 so-

450 721 585 787 lum
629 741 706 784 ea
748 740 820 783 re
865 719 1314 798 confirmatur,
1360 718 1531 801 quod
1578 717 1874 783 Valerius
1920 717 2239 782 Max-imus
2283 738 2429 782 eum
2472 717 2754 801 plerum-

450 843 574 906 que
621 827 876 886 secutus
919 829 1045 900 est,
1105 822 1215 885 sed
1262 822 1460 885 etiam
1489 821 1664 904 quod
1709 820 1881 902 apud
1913 819 2294 884 Frontinum
2319 821 2376 903 l)
2421 820 2489 884 in
2520 825 2754 903 quarto

446 924 558 1007 qui
617 922 853 987 dicitur
909 929 1414 1007 strategematon
1476 923 1641 988 libro
1670 973 1685 1001 ,
1762 943 1953 1005 quem
2008 940 2366 1003 anonymus
2409 922 2674 1005 quidam
2719 942 2796 1008 e*

450 1025 735 1090 Livianis
775 1026 1178 1109 potissimum
1224 1026 1432 1090 verbis
1475 1026 1868 1109 composuit,
1935 1029 2001 1087 et
2046 1024 2218 1108 apud
2269 1023 2599 1088 Aurelium
2645 1024 2759 1088 Vi·-

459 1132 700 1191 ctorem
734 1129 788 1206 2)
837 1127 1074 1192 eisdem
1121 1128 1254 1192 fere
1297 1127 1507 1192 verbis
1551 1128 1786 1208 legitur
1830 1125 2038 1189 altera
2081 1125 2392 1189 narratio.
2481 1126 2535 1189 E
2579 1125 2761 1190 Livio

457 1228 732 1311 denique
777 1229 1011 1293 hausta
1055 1249 1192 1293 esse
1239 1229 1570 1307 videntur,
1628 1248 1795 1312 quae
1843 1228 2176 1310 Appianus
2207 1229 2263 1302 3)
2309 1226 2390 1291 de
2437 1226 2758 1290 Romano-

453 1351 598 1395 rum
644 1331 913 1395 victoria
968 1331 1185 1395 navali
1243 1331 1477 1410 tradit;
1555 1330 1716 1394 dicit
1756 1330 2014 1413 quidem
2059 1329 2389 1412 Appianus
2435 1328 2759 1392 Romanos

452 1453 597 1497 cum
643 1432 846 1497 classe
880 1432 1094 1499 GGGL
1124 1435 1385 1498 navium
1428 1431 1750 1515 profectos
1794 1452 1948 1508 esse,
1977 1473 2054 1482 —-
2104 1430 2365 1496 Orosius
2409 1429 2760 1495 CCCXXX

456 1539 710 1606 tantum
757 1534 1192 1600 Romanorum
1237 1555 1430 1599 naves
1475 1538 1933 1607 commemorat
1981 1572 2055 1582 ——
2134 1533 2243 1597 sed
2288 1531 2395 1596 hic
2440 1552 2620 1598 error
2660 1532 2762 1596 fa-

461 1637 582 1700 cile
628 1641 744 1700 aut
772 1636 1052 1721 Appiani
1095 1642 1210 1702 aut
1252 1635 1501 1702 librarii
1546 1636 1809 1700 levitate
1854 1635 2010 1700 oriri
2056 1636 2293 1718 potuit,
2338 1656 2484 1700 cum
2515 1635 2765 1699 Poeno-

451 1758 593 1802 rum
640 1737 859 1802 classis
907 1738 1121 1804 CCCL
1167 1739 1427 1804 navium
1471 1737 1665 1803 fuisse
1710 1737 2001 1815 dicatur;
2062 1738 2381 1802 consentit
2424 1737 2759 1821 Appianas

455 1861 602 1904 cum
645 1840 907 1905 Aurelio
951 1841 1242 1919 Victore,
1300 1842 1410 1925 qui
1457 1839 1562 1903 CC
1608 1839 1849 1924 oppida
1894 1840 1959 1903 in
2008 1839 2224 1904 Africa
2268 1839 2396 1903 sita
2439 1859 2479 1902 a
2525 1840 2760 1926 Roma-

442 1942 543 2007 nis
587 1962 725 2007 esse
769 1956 971 2026 capta
1013 1943 1255 2022 tradit3
1330 1943 1561 2006 Florus
1590 1945 1649 2019 4)
1698 1948 1763 2006 et
1807 1941 2072 2007 Orosius
2100 1945 2154 2024 5)
2201 1940 2358 2006 CCC
2406 1940 2670 2005 castella
2716 1962 2759 2005 a

431 2044 738 2108 Romanis
783 2052 973 2128 capta
1019 2066 1156 2110 esse
1221 2045 1476 2124 Secunt,
1547 2065 1678 2128 qua
1724 2065 1793 2107 re
1838 2046 2075 2108 iterum
2120 2063 2435 2129 apparere
2480 2043 2756 2118 videtur,

428 2145 512 2230 ab
557 2144 779 2212 Orosio
822 2152 889 2211 et
931 2147 1120 2213 Floro
1164 2167 1356 2231 saepe
1420 2154 1463 2200 β
1483 2167 1739 2210 umeros
1786 2144 2130 2229 ampliatos
2173 2166 2332 2210 esse.
2451 2144 2760 2210 Consules

434 2247 503 2311 in
554 2248 771 2312 Africa
814 2249 1181 2313 escensione
1226 2248 1401 2313 facta
1442 2249 1723 2332 primum
1770 2248 1818 2312 G
1852 2249 2114 2331 'Epeam
2151 2246 2248 2310 vel
2295 2248 2535 2331 Aspida
2581 2247 2761 2313 obse-

453 2348 688 2413 derunt
747 2354 813 2415 et
867 2355 1353 2434 expugnarunt,
1452 2349 1687 2414 deinde
1746 2370 1933 2431 agros
1987 2336 2361 2414 Poenorumv
2398 2356 2754 2429 vastarunt,

452 2451 658 2517 multa
703 2452 939 2536 oppida
982 2459 1412 2537 occuparunt,
1480 2473 1781 2535 magnam
1828 2452 2227 2537 captivorum
2272 2451 2753 2539 multitudinem
2793 2525 2802 2534 ,

454 2559 520 2618 et
563 2554 839 2638 praedas
883 2545 1199 2621 maximas
1239 2555 1703 2621 conduxerunt.
1812 2556 2071 2620 Interea
2118 2561 2381 2619 senatus
2424 2577 2540 2639 per
2582 2556 2754 2640 lega-

456 2660 553 2721 tos
600 2656 914 2738 decrevit,
989 2664 1064 2723 ut
1123 2659 1288 2724 alter
1350 2659 1683 2723 consulum
1731 2657 2001 2721 Romam
2057 2656 2322 2735 rediret,
2395 2658 2560 2722 alter
2602 2679 2748 2723 cum

453 2759 771 2822 exercitus
815 2765 1000 2842 parte
1043 2762 1110 2825 in
1157 2761 1374 2827 Africa
1417 2765 1730 2825 maneret.
1823 2759 2055 2842 Itaque
2103 2759 2385 2824 Manlius
2429 2782 2573 2825 cum
2620 2781 2756 2824 ma-

380 2950 395 2953 ἢ
452 2881 582 2943 gna
624 2861 867 2945 praeda
913 2868 978 2926 et
1022 2864 1360 2947 permultis
1391 2861 1665 2946 captivis
1707 2862 1915 2925 hieme
1948 2860 2218 2926 Romam
2262 2862 2591 2954 profectus
2633 2868 2751 2943 est;

452 2962 734 3046 Regulus
790 2965 1018 3029 castris
1075 2967 1266 3030 motis
1318 2966 1678 3029 Poenorum
1737 2962 1974 3048 oppida
2029 2963 2298 3046 diripuit
2356 2972 2421 3029 et
2478 2959 2754 3031 obseditss

454 3063 572 3128 His
618 3065 701 3129 de'
743 3065 933 3129 rebus
977 3087 1196 3131 omnes
1240 3068 1650 3132 consentiunt
1694 3067 2078 3150 scriptores,
2113 3091 2114 3094 ¹
2166 3067 2246 3132 de
2304 3066 2573 3150 reliquis
2633 3068 2755 3131 Re-

454 3166 588 3248 guli
633 3166 1024 3233 facinoribus
1055 3169 1354 3254 Polybius
1400 3175 1612 3249 tacet,
1658 3169 1857 3234 ceteri
1902 3170 2247 3251 scriptores
2291 3170 2497 3235 multa
2539 3170 2758 3256 dispu-

453 3273 773 3358 taverunt.
882 3270 959 3334 In
1004 3271 1169 3335 Livii
1215 3271 1518 3355 periocha
1551 3273 1627 3352 6),
1701 3270 1875 3355 apud
1920 3271 2248 3335 Valerium
2293 3271 2646 3337 Maximum
2678 3274 2759 3355 ⁷),

454 3370 762 3435 Senecam
794 3372 888 3454 8),
937 3371 1164 3437 Silium
1209 3374 1507 3438 Italicum
1544 3376 1633 3455 9),
1681 3373 1960 3437 Plinium
1994 3375 2114 3453 ¹0),
2160 3374 2421 3438 Florum
2458 3378 2561 3455 11),
2609 3375 2761 3441 Dio—

455 3493 598 3537 nem
634 3473 924 3538 Cassium
962 3476 1079 3554 12),-
1115 3474 1409 3539 Orosium
1448 3477 1550 3556 13),
1599 3476 1917 3540 Zonaram
1955 3478 2037 3553 14)
2082 3475 2387 3559 legimuS,
2440 3496 2481 3540 a
2512 3476 2758 3559 Regulo

455 3575 538 3640 ad
583 3574 818 3640 flumen
868 3575 1234 3659 Bagradam
1276 3577 1626 3668 immensae
1671 3577 2136 3662 magnitudinis
2181 3584 2566 3661 serpentem,
2613 3599 2760 3644 cum

452 3676 597 3742 telis
639 3677 953 3760 perforari
999 3700 1124 3743 non
1170 3681 1486 3763 potuerit,
1542 3679 1796 3745 balistis
1837 3681 2303 3763 tormentisque
2344 3680 2757 3746 interfectum

455 3799 614 3844 esse.
701 3780 878 3844 Haec
920 3781 1211 3846 narratio
1259 3787 1373 3846 aut
1416 3782 1760 3848 formidine
1803 3783 2080 3848 militum
2105 3793 2142 3864 ,⁴
2169 3785 2349 3848 cuius
2394 3783 2758 3869 exemplum

453 3882 681 3947 Florus
720 3885 801 3954 15)
862 3881 1086 3962 affert,
1153 3889 1268 3949 aut
1325 3886 1676 3949 iactatione
1720 3907 1943 3955 eorum
1989 3892 2135 3951 orta
2192 3892 2411 3952 utrum
2472 3874 2525 3951 a‘
2556 3886 2759 3968 Livio,

577 4075 617 4145 1)
689 4075 784 4145 IV,
821 4078 870 4145 3,
908 4076 958 4129 3.
1099 4077 1144 4145 2)
1209 4094 1257 4131 c.
1293 4075 1409 4130 XL.
1550 4075 1596 4146 3)
1661 4076 1798 4130 Pun.
1824 4077 1971 4147 VIII,
1997 4078 2048 4133 3.
2190 4078 2234 4147 ⁴)
2280 4096 2333 4148 p.
2361 4082 2446 4134 30.
2485 4079 2570 4134 ed.
2593 4078 2758 4133 Jahn.

571 4164 619 4232 5)
691 4165 784 4234 IV,
821 4168 872 4220 8.
1015 4164 1057 4233 ⁶)
1128 4166 1166 4221 1.
1203 4164 1404 4221 XVIII.
1544 4163 1592 4232 ’1)
1667 4164 1711 4233 1,
1749 4167 1801 4233 8,
1855 4167 1948 4220 19.
2090 4165 2136 4233 8)
2210 4166 2368 4235 epist.
2407 4167 2507 4235 ΠΙ,
2546 4168 2628 4235 11,
2665 4170 2759 4223 24.

571 4251 613 4317 9)
686 4253 755 4307 de
788 4253 936 4308 bello
970 4270 1101 4322 pun.
1138 4252 1258 4322 VII,
1302 4253 1418 4308 140.
1565 4252 1632 4321 ι11)
1703 4254 1819 4305 nat.
1852 4252 1982 4307 hist.
2005 4254 2154 4311 VIII.
2191 4257 2281 4309 37.
2467 4255 2538 4324 11)
2607 4272 2661 4323 p.
2700 4258 2773 4311 30

431 4340 517 4393 ed.
551 4338 714 4393 Jahn.
860 4339 931 4409 12)
1001 4339 1070 4393 fr.
1106 4342 1193 4410 42,
1234 4343 1323 4395 20.
1469 4340 1539 4408 ¹3)
1577 4339 1670 4409 IV,
1698 4343 1761 4395 8.
1910 4340 1979 4409 1⁴)
2025 4340 2172 4410 VIII,
2202 4345 2287 4397 13.
2433 4342 2499 4411 15)
2552 4344 2723 4413 p.‚30.
