3088 5021
18 0 63 23 Ἴ

1420 398 1498 460 51

480 567 777 634 Dictator
824 566 1158 633 Calatinus
1214 589 1286 634 re
1340 569 1580 634 infecta
1637 570 1907 634 Romam
1974 589 2010 633 e
2069 565 2291 645 Sicilia
2348 568 2612 635 rediisse

300 671 596 750 videtur,
670 691 816 736 cum
862 672 1147 737 Zonaras
1184 673 1240 758 1)
1285 690 1429 737 eum
1478 672 1637 735 nihil
1679 672 1989 737 memoria
2031 661 2297 753 dignum
2345 672 2611 754 gessisse

301 775 499 839 dicat.
595 772 839 838 Deinde
885 774 955 838 C.
999 774 1223 839 Iunius
1266 774 1492 839 consul
1535 774 1739 839 classe
1785 773 1898 837 LX
1940 773 2202 836 navium
2247 773 2613 838 Messanam

301 876 492 962 petiit
534 881 732 960 atque
777 876 928 940 inde
973 876 1149 942 CXX
1192 877 1462 943 navibus
1504 876 1711 960 longis
1763 882 1829 941 et
1873 873 2094 940 DCCC
2143 876 2455 939 onerariis
2500 896 2613 955 na-

302 979 489 1044 vibus
533 979 885 1062 Syracusas
926 985 1144 1043 vectus
1189 979 1520 1044 dimidiam
1569 986 1821 1062 partem
1865 976 2125 1042 navium
2174 977 2612 1043 onerariarum

300 1086 445 1146 cum
503 1080 830 1146 nonnullis
885 1082 1154 1146 navibus
1210 1081 1420 1163 longis
1463 1081 1839 1164 Lilybaeum
1900 1078 2111 1156 misit,
2185 1085 2260 1142 ut
2305 1079 2611 1144 Romanis

302 1183 524 1249 urbem
570 1183 1015 1249 obsidentibus
1059 1190 1486 1249 commeatum
1532 1183 1859 1248 afferrent.
1975 1180 2206 1245 Utrum
2270 1180 2430 1246 haec
2492 1183 2611 1247 Po·

300 1285 511 1370 lybius
555 1306 589 1350 e
620 1284 824 1350 Fabio
871 1306 955 1349 an
1001 1305 1037 1350 e
1070 1284 1322 1353 Philino
1355 1286 1815 1369 desumpserit,
1861 1282 2161 1364 indagari
2204 1304 2330 1348 non
2379 1290 2609 1368 potest,

298 1409 445 1453 cum
494 1392 755 1472 praeter
798 1387 1133 1470 Polybium
1180 1388 1396 1454 nullus
1440 1390 1717 1472 scriptor
1760 1387 1896 1451 eius
1940 1385 2034 1449 rei
2083 1386 2475 1451 mentionem
2519 1386 2612 1452 fe-

296 1490 476 1555 cerit.
604 1489 1063 1554 Narrationem
1125 1491 1204 1556 de
1259 1491 1331 1556 L.
1381 1491 1550 1556 Iunii
1608 1489 1889 1556 consulis
1948 1486 2133 1550 clade
2184 1488 2488 1572 Polybius
2546 1495 2612 1554 et

299 1591 621 1656 Diodorus
682 1593 953 1657 tradunt
1024 1598 1222 1676 atque
1288 1595 1449 1658 satis
1510 1594 1769 1677 quidem
1837 1590 2213 1671 concinunt3
2306 1590 2610 1674 Polybius

296 1699 514 1758 autem
579 1693 777 1758 nimio
820 1692 1157 1759 brevitatis
1204 1695 1417 1761 studio
1462 1695 1826 1761 confudisse
1871 1692 2127 1757 videtur
2168 1711 2289 1754 res,
2424 1692 2610 1777 Poly-

297 1795 443 1862 bius
486 1795 653 1861 enim
699 1794 899 1860 refert
932 1798 1024 1880 ²):
1078 1790 1408 1881 Ἀτάρβας
1452 1838 1527 1848 ——
1590 1790 1998 1885 Καρθάλωνι
2042 1788 2159 1856 τὸν
2205 1787 2615 1880 συνάρχοντα

298 1893 452 1975 doeg
516 1893 866 1984 τριάκοντα
927 1902 1086 1976 ναῦς
1145 1897 1483 1986 ἐξέπεμψε
1544 1896 1714 1984 πρὸς
1749 1889 1877 1975 ,αἷς
1932 1891 2091 1975 ἒὸεων
2150 1888 2355 1973 αὐτὸς
2413 1892 2609 1980 ἑβδο-

292 1995 583 2087 μήκοντα
624 1999 1082 2066 κατέπλευσεν.
1186 2003 1506 2069 Diodorus
1551 2010 1769 2069 autem
1814 1996 2015 2064 tradit
2043 1997 2108 2080 3)
2172 1996 2606 2065 Hannibalem

296 2103 483 2168 XXX
537 2103 809 2167 navibus
865 2125 905 2167 a
950 2103 1594 2186 Carthaginiensibus
1652 2105 1916 2170 missum
1971 2114 2112 2164 esse
2168 2104 2245 2163 ut
2290 2099 2610 2168 Romano·

295 2220 440 2271 rum
493 2205 727 2271 horrea
771 2206 1069 2271 Panormi
1122 2208 1432 2291 diriperet
1496 2214 1693 2290 atque
1739 2200 2381 2284 Carthaginiensibus
2437 2203 2609 2288 Lily-

295 2300 442 2372 baei
487 2304 765 2374 obsessis¹
800 2307 1046 2372 auxilia
1091 2308 1328 2388 ferret;
1425 2310 1655 2375 deinde
1700 2304 2160 2376 Carthalonem
2206 2302 2382 2369 LXX
2426 2307 2604 2371 navi-

293 2408 414 2474 bus
469 2410 802 2476 advenisse
859 2416 1054 2494 atque
1100 2412 1533 2478 Romanorum
1580 2414 1850 2478 classem
1896 2405 2069 2491 apud
2115 2404 2483 2487 Lilybaeum
2532 2408 2602 2474 in

292 2510 550 2578 ancoris
593 2520 874 2579 stantem
921 2514 1223 2580 adortum
1267 2533 1421 2581 esse.
1533 2516 1836 2599 Polybius
1892 2513 2088 2594 igitur
2145 2529 2254 2573 res
2305 2506 2384 2575 ab
2433 2512 2607 2577 Han·

290 2615 509 2682 nibale
578 2616 881 2682 Panormi
953 2624 1166 2701 gestas
1235 2639 1494 2702 prorsus
1562 2619 1779 2684 omisit
1849 2620 1916 2681 et
1984 2611 2360 2677 Carthaloni
2421 2615 2606 2682 XXX

292 2718 444 2784 illas
499 2739 694 2785 naves
716 2772 733 2801 ,
808 2737 974 2804 quae
998 2771 1013 2798 ,
1090 2715 1370 2786 Diodoro
1439 2726 1635 2800 teste,
1731 2716 2082 2785 Hannibali
2165 2723 2316 2780 sunt
2391 2718 2604 2798 datae,

290 2828 549 2906 praeter
591 2822 767 2889 LXX
813 2841 1039 2903 naves,
1115 2843 1278 2907 quas
1335 2825 1470 2907 ipse
1530 2824 1893 2890 adduxerat
1949 2824 2276 2901 Carthalo,
2352 2821 2606 2887 deditas

294 2941 432 2990 esse
477 2926 654 2990 dicit.
784 2926 858 2990 In
914 2926 1145 2991 ceteris
1201 2925 1393 2990 rebus
1446 2928 1785 2992 narrandis
1828 2928 2128 3014 Polybius
2172 2935 2238 2992 et
2286 2925 2603 2990 Diodorus

296 3027 456 3092 satis
520 3029 966 3110 consentiunt,
1045 3027 1366 3095 Diodorus
1423 3048 1529 3095 res
1586 3029 1876 3115 prolixe,
1953 3029 2257 3117 Polybius
2316 3029 2598 3095 breviter

294 3130 586 3196 tradidit.

465 3232 775 3299 Carthalo
819 3234 994 3319 apud
1040 3234 1421 3299 Heracleam
1465 3233 1766 3313 classem,
1811 3256 2035 3320 quam,
2080 3244 2156 3302 ut
2198 3255 2398 3319 supra
2443 3232 2598 3313 dixi,

300 3336 527 3402 Iunius
582 3336 807 3402 consul
862 3335 1240 3420 Lilybaeum
1298 3338 1503 3418 misit,
1579 3336 1830 3402 insidiis
1887 3337 2339 3416 circumvenit,
2414 3342 2483 3400 et
2543 3334 2600 3399 L

296 3456 494 3505 naves
536 3440 864 3504 onerarias
924 3439 1148 3505 XVIII
1192 3459 1387 3504 naves
1428 3439 1655 3522 longas
1700 3439 2040 3520 demersit;
2131 3439 2361 3506 deinde
2413 3436 2600 3502 Iunio

294 3541 421 3627 ipsi
464 3561 608 3607 cum
655 3542 920 3626 reliquis
958 3541 1228 3607 navibus
1273 3542 1817 3627 appropinquanti
1862 3542 2131 3608 insidias
2173 3541 2431 3627 paravit
2486 3539 2600 3604 sed

295 3650 678 3728 tempestate
769 3647 916 3710 orta
981 3644 1291 3710 Carthalo
1374 3644 1730 3728 periculum
1812 3646 2063 3724 evasit,
2123 3645 2595 3711 'Romanorum

296 3746 519 3812 classis
563 3746 737 3832 apud
784 3746 1195 3811 Camarinam
1239 3748 1435 3832 periit
1463 3749 1543 3833 4).

466 3849 652 3914 Hanc
714 3847 964 3914 cladem
1009 3849 1232 3915 Cicero
1265 3851 1325 3934 ⁵)
1385 3869 1639 3932 quoque
1704 3854 1769 3914 et
1827 3849 2178 3934 Eutropius
2209 3849 2268 3927 6)
2328 3852 2395 3913 et
2438 3845 2596 3911 Oro·

296 3952 431 4016 sius
464 3954 520 4031 ⁷)
566 3957 1187 4031 commemorarunt3
1274 3950 1386 4016 sed
1428 3958 1564 4015 tam
1606 3949 1885 4017 breviter
1926 3958 2001 4019 ut
2046 3971 2266 4018 eorum
2308 3945 2454 4014 fons
2498 3948 2596 4013 in-

439 4222 482 4287 ι)
545 4221 693 4291 VIII,
736 4221 819 4275 15.
984 4218 1030 4288 2)
1099 4220 1152 4286 1,
1191 4219 1274 4275 53.
1441 4221 1490 4285 3)
1563 4219 1761 4290 XXIV,
1804 4223 1861 4283 1,
1902 4225 1969 4277 6..
2113 4222 2158 4286 ⁴)
2231 4219 2329 4276 cfr.
2366 4220 2557 4289 Polyb.

293 4308 353 4377 Ι,
391 4309 460 4362 53
497 4312 554 4362 et
585 4309 748 4365 Diod.
782 4304 981 4376 XXIV,
1021 4310 1076 4377 1,
1115 4309 1272 4364 7—9.
1413 4309 1456 4366 ⁵)
1529 4309 1600 4363 de
1633 4312 1749 4362 nat.
1783 4309 1934 4366 deor.
1968 4309 2053 4381 11,
2090 4314 2146 4379 3,
2186 4311 2237 4363 8.
2289 4306 2363 4364 de
2401 4307 2571 4364 divin.

287 4397 373 4467 II,
412 4398 511 4469 33,
548 4398 634 4453 71.
760 4434 767 4438 —
810 4396 853 4467 ⁶)
924 4396 1009 4465 Π,
1045 4397 1129 4453 26.
1304 4393 1350 4466 ⁷)
1419 4395 1529 4466 IV,
1571 4395 1653 4451 10.
