3088 5021
1610 317 1695 380 48

494 472 753 556 quidem
773 523 789 551 ,
833 494 978 538 cum
1022 469 1147 539 hac
1190 473 1442 539 ratione
1484 474 1661 540 illius
1703 476 1958 542 fabulae
2001 478 2177 562 origo
2222 476 2467 562 optime
2514 474 2806 560 explice-

493 579 633 640 tur:
698 575 926 657 Reguli
970 595 1094 640 nex
1144 597 1269 640 non
1312 597 1509 641 causa
1552 577 1705 657 fuit,
1751 579 1920 662 quod
1969 579 2293 645 Hamilcar
2338 585 2405 644 et
2453 579 2805 654 Bodostor,

492 676 1054 758 Carthaginienses
1111 679 1305 762 capti,
1380 681 1555 762 genti
1599 675 1838 753 Atilia‘e
1879 682 2105 747 traditi
2159 704 2201 747 a
2247 682 2476 764 Reguli
2520 681 2804 762 coniuge

488 777 831 842 interfecti·
860 784 1039 856 sunt,
1113 785 1187 845 ut
1234 781 1516 846 Zonaras
1575 782 1915 849 affirmavit
1936 834 1952 864 ,
2015 784 2138 850 'sed
2183 785 2474 849 narratio
2522 784 2601 847 de
2650 803 2803 846 cru-

489 879 618 945 deli
654 879 883 962 Reguli
926 902 1076 947 nece
1121 881 1204 947 ab
1248 883 1403 967 ipsis
1433 885 1648 949 Atiliis
1689 892 1916 970 postea
1958 886 2230 952 conficta
2274 892 2407 964 est,
2484 891 2559 951 ut
2603 905 2800 950 suam

486 980 936 1046 crudelitatem
977 982 1045 1047 in
1091 983 1655 1070 Carthaginienses
1698 995 2097 1055 excusarent.
2179 1040 2188 1043 -
2421 1002 2430 1008 ’

660 1083 754 1148 De
799 1084 1084 1168 Lilybaei
1130 1086 1462 1152 obsidione
1521 1111 1688 1173 quae
1746 1111 1915 1156 anno
1972 1113 2029 1156 a.
2077 1114 2138 1156 u.
2187 1114 2238 1157 c.
2288 1092 2437 1157 DIV
2484 1094 2799 1173 suscepta

485 1192 583 1249 est
625 1206 667 1249 a
724 1186 1059 1266 Romanis,
1114 1189 1445 1272 Polybius,
1513 1191 1864 1273 Diodorus,
1940 1195 2221 1260 Zonaras
2264 1196 2425 1260 satis
2480 1200 2798 1257 accurate

482 1285 930 1370 disputarunt,
1005 1290 1213 1356 Orosii
1272 1294 1561 1358 narratio
1633 1295 1824 1360 nimis
1880 1296 2088 1363 brevis
2152 1304 2251 1363 est
2274 1349 2298 1378 ,
2364 1317 2575 1380 neque
2632 1294 2798 1358 novi

480 1387 836 1472 quidquam
877 1389 1086 1456 affert.
1197 1394 1499 1477 Polybius
1543 1397 1742 1461 refert
1779 1403 1827 1477 ¹)
1872 1401 2167 1465 consules
2211 1421 2382 1464 anno
2424 1398 2577 1464 belli
2623 1396 2792 1462 XIV

478 1488 854 1572 Lilybaeum
900 1492 1222 1576 profectos
1265 1517 1436 1575 esse,
1481 1499 1580 1563 sin
1626 1505 1841 1565 autem
1886 1522 2089 1592 annos
2131 1508 2614 1586 computamus,
2666 1519 2796 1583 per

476 1611 639 1674 quos
681 1593 813 1656 iam
859 1593 1099 1659 bellum
1141 1596 1313 1661 inter
1356 1598 1682 1666 Romanos
1724 1607 1790 1667 et
1832 1604 2076 1670 Poenos
2123 1610 2265 1670 erat
2307 1608 2562 1685 gestum
2585 1651 2601 1681 ,
2673 1601 2796 1664 de-

474 1693 772 1758 ducimur
811 1694 896 1759 ad
940 1694 1056 1761 XV
1102 1697 1256 1763 belli
1298 1720 1576 1779 annum,
1651 1703 1823 1786 quod
1868 1704 2077 1770 Orosii
2121 1713 2187 1771 et
2230 1708 2523 1773 Zonarae
2570 1711 2641 1770 et
2687 1705 2796 1769 fa-

472 1800 720 1859 storum
766 1797 1150 1863 testimoniis
1193 1799 1632 1866 confirmatur.
1724 1809 1929 1887 Atque
1962 1807 2264 1891 Polybius
2304 1810 2443 1893 ipse
2483 1827 2806 1873 errorem-

469 1903 698 1979 postea
741 1899 1014 1962 sensisse
1058 1900 1328 1979 videtur,
1375 1922 1519 1965 cum
1565 1907 1889 1987 sequentis
1933 1910 2089 1973 anni
2133 1912 2425 1976 consules
2471 1911 2540 1973 P.
2569 1909 2794 1974 Clau-

467 1996 647 2061 dium
692 2005 760 2062 et
804 1998 874 2062 L.
905 1999 1170 2065 «lunium
1212 2024 1549 2087 perperam
1595 2027 1712 2090 per
1754 2009 1912 2074 duos
1957 2030 2161 2076 annos
2206 2013 2583 2078 muneribus
2627 2012 2795 2076 fun-

465 2104 604 2162 ctos
646 2118 784 2162 esse
831 2099 1038 2179 dicat,
1111 2103 1206 2167 ita
1248 2110 1324 2169 ut
1367 2104 1677 2172 Claudius
1725 2109 1996 2176 Pulcher
2039 2114 2157 2180 XV
2202 2116 2353 2180 belli
2399 2131 2615 2197 anno,
2701 2116 2785 2181 L.

461 2198 703 2264 Junius
745 2201 901 2266 XVI
942 2222 1116 2266 anno
1161 2206 1382 2271 consul
1424 2207 1619 2273 fuisse
1662 2211 1974 2278 tradatur.

641 2301 708 2366 C.
761 2303 997 2366 Atilius
1053 2308 1120 2368 et
1165 2302 1233 2368 L}
1285 2307 1601 2388 Manlius,
1673 2311 1936 2394 Polybio
1981 2322 2177 2394 teste,
2249 2319 2453 2384 classe
2503 2320 2615 2385 CC
2662 2343 2794 2387 na-
2893 2359 2906 2369 -

462 2403 637 2466 vium
693 2403 1071 2485 Lilybaeum
1133 2417 1285 2471 sunt
1316 2411 1653 2493 profecti,
1729 2415 2041 2482 Diodorus
2076 2421 2130 2499 2)
2188 2420 2346 2485 dicit
2404 2422 2795 2490 Romanam

458 2504 733 2569 classem
767 2505 988 2571 CCXL
1033 2508 1297 2574 navium
1341 2512 1680 2595 longarum
1723 2517 2110 2584 Panormum
2154 2529 2350 2606 atque
2393 2525 2796 2611 inde-Lily-

456 2606 697 2672 bae-um
753 2627 890 2671 esse
951 2609 1329 2691 profectam.
1449 2614 1626 2680 Haec
1691 2617 2004 2685 Diodorus
2069 2623 2345 2691 fortasse
2411 2648 2447 2692 e
2510 2628 2793 2697 Philino

453 2706 711 2786 hausit,
770 2727 915 2772 cum
963 2707 1227 2774 Orosius
1256 2714 1320 2795 3)
1363 2735 1567 2799 aeque
1610 2737 1687 2782 ac
1731 2720 2029 2803 Polybius
2075 2723 2179 2789 CC
2224 2733 2485 2795 tantum
2530 2732 2790 2801 Roma·

452 2829 685 2873 norum
735 2828 929 2872 naves
972 2821 1463 2895 commemoret,
1539 2839 1669 2901 qua
1728 2842 1797 2885 re
1839 2835 2112 2909 apparet
2159 2829 2499 2914 Polybium
2546 2843 2621 2901 et
2672 2839 2791 2905 Li-

450 2910 630 2974 vium
675 2929 790 2974 sua
834 2930 869 2973 e
914 2910 1116 2975 Fabio
1161 2913 1603 3000 desumpsisse.
2033 2941 2038 2942 ⁷

628 3009 700 3074 In
746 3012 1119 3076 enarranda
1161 3020 1377 3080 autem
1421 3018 1710 3103 Lilybaei
1769 3026 2093 3093 obsidione
2134 3031 2437 3115 Polybius
2498 3046 2570 3105 et
2616 3042 2790 3110 Dio-

448 3109 650 3175 dorus
695 3112 971 3175 eundem
1019 3119 1345 3180 auctorem
1388 3123 1589 3185 secuti
1634 3145 1770 3190 esse
1816 3128 2148 3209 videntur,
2193 3156 2389 3217 quem
2437 3139 2790 3212 Diodorus

446 3212 817 3276 accuratius
878 3214 1223 3297 exscripsit
1287 3238 1481 3300 quam
1544 3222 1863 3305 Polybius.
1978 3232 2257 3299 Romani
2321 3238 2407 3304 ab
2480 3248 2788 3330 utraque

445 3309 631 3376 urbis
672 3320 858 3394 part-e
903 3324 1119 3378 castra
1160 3328 1547 3401 posuerunt,
1621 3325 1824 3406 fossa,
1873 3350 2165 3412 aggere,
2239 3357 2428 3405 muro
2472 3343 2659 3410 inter
2711 3371 2788 3416 se

444 3412 820 3491 coniuncta3
900 3416 1133 3480 deinde
1177 3417 1442 3497 fossam,
1505 3443 1635 3505 qua
1674 3425 2050 3509 Lilybaeum
2093 3440 2248 3501 urbs
2291 3449 2441 3507 erat
2485 3451 2787 3532 munita,

415 3512 686 3599 'partim
731 3516 1186 3598 expleverunt,
1267 3525 1340 3583 ut
1396 3523 1732 3590 machinae
1790 3531 1873 3594 ad
1929 3538 2185 3601 moenia
2230 3540 2577 3613 admoveri
2624 3572 2790 3635 pos-

439 3619 626 3691 sent3
703 3616 814 3679 sed
860 3637 1008 3680 cum
1054 3617 1330 3684 Romani
1390 3642 1645 3690 murum
1689 3628 2102 3716 delevissent,
2161 3638 2456 3723 Lilybaei
2504 3651 2787 3722 incolae

439 3715 647 3781 alium
692 3724 1170 3782 exstruxerunt.
1233 3719 1392 3784 Tum
1425 3722 2047 3810 Carthaginiensium
2092 3750 2486 3814 mercenarii
2535 3756 2786 3824 urbem

438 3816 753 3882 Romanis
812 3818 1071 3884 tradere
1115 3819 1485 3903 voluerunt,
1561 3828 1671 3891 sed
1719 3829 2095 3902 Himilconis
2135 3843 2497 3923 prudentia
2544 3859 2786 3939 prohi.

436 3917 562 3984 biti
627 3924 813 3997 sunt3
891 3926 1090 4004 atque
1136 3921 1515 3988 auxiliiset
1571 3926 1892 3997 frumento
1935 3956 2017 4001 ex
2061 3942 2292 4020 Africa·
2323 3949 2562 4019 allatis
2613 3960 2789 4028 Poe-

435 4035 672 4084 norum
723 4020 921 4085 animi
978 4020 1346 4087 confirmati
1403 4035 1571 4092 sunt.
1690 4030 1803 4097 His
1846 4036 1913 4098 in
1956 4038 2146 4105 rebus
2187 4055 2594 4123 enarrandis
2644 4084 2790 4129 non

577 4219 621 4289 .¹)
691 4221 735 4293 1,
772 4226 862 4280 41.
1085 4224 1135 4294 2)
1207 4226 1577 4298 xxiv,1,1.
1752 4235 1797 4299 ³>
1865 4191 2080 4309 1v²,10‚

2693 4305 2728 4314 -.
