3088 5021
535 1980 927 2048 Niebuhr-ius
989 1986 1207 2047 noster
1250 1981 1576 2064 quondam
1622 1982 1789 2047 dixit
1823 1986 1871 2062 1)
1904 2032 1920 2062 ‚
1994 1985 2050 2047 si
2094 1983 2173 2050 de
2216 1985 2385 2051 bello
2434 1956 2670 2052 Punico

365 2088 572 2170 primo
616 2091 751 2150 tam
782 2089 1092 2150 accurata
1138 2084 1424 2149 narratio
1456 2104 1652 2167 quam
1683 2083 1763 2149 de
1791 2084 1961 2151 bello
1979 2086 2221 2153 Punico
2255 2089 2533 2155 secundo
2563 2110 2670 2155 ex-

367 2193 585 2269 staret,
630 2187 767 2253 fore
797 2194 870 2252 ut
901 2188 1097 2252 etiam
1129 2207 1170 2251 a
1199 2186 1665 2252 recentioribus
1694 2187 2111 2272 scriptoribus
2138 2190 2343 2273 pluris
2372 2193 2670 2256 aestima-

363 2295 572 2371 retur,
634 2312 800 2374 quae
843 2288 1176 2354 Niebuhrii
1221 2289 1544 2354 sententia
1589 2289 1827 2374 optime
1870 2289 2291 2356 confirmatur
2331 2292 2579 2377 Polybii
2613 2297 2669 2374 2)

363 2394 573 2459 verbis
592 2444 607 2472 ,
695 2394 807 2476 qui
849 2383 1000 2457 οὔτε
1043 2386 1665 2477 πολυχρονιώτερον,
1765 2391 2002 2476 inquit,
2077 2389 2314 2459 τούτου
2378 2391 2675 2478 πόλεμον

366 2491 581 2583 εὑρεῖν
623 2491 849 2583 ῥᾴδιον
893 2486 1042 2560 οὔτε
1093 2489 1513 2577 παρασκευὰς
1569 2488 2110 2583 ὃλοσχερεστέρας
2168 2489 2318 2563 οὔτε
2373 2519 2671 2581 συνεχεσ-

365 2598 559 2685 τέρας
629 2593 900 2684 πράξεις
957 2590 1107 2662 οὔτε
1180 2594 1453 2675 πλείους
1524 2590 1779 2682 α’γῶνας
1849 2588 1999 2663 οὔτε
2052 2596 2481 2684 περιπετείας
2521 2598 2666 2683 μεί-

370 2702 515 2783 ζους
594 2705 726 2766 τῶν
784 2698 863 2784 ἐνῇ
905 2703 1001 2786 τῷ
1053 2697 1501 2790 προειρημένῳ
1560 2697 1834 2785 πολέμῳ
1886 2698 2271 2785 συμβάντων
2322 2698 2672 2791 ἑκατέροις.

366 2806 479 2871 sed
524 2824 916 2889 quamquam
973 2802 1275 2886 permulti
1331 2803 1678 2886 scriptores
1734 2809 1983 2868 veteres
2044 2804 2491 2888 inveniuntur,
2557 2807 2670 2891 qui

367 2913 484 2972 ant
541 2911 748 2971 totum
805 2905 1042 2971 bellum
1089 2904 1402 2969 Punicum
1445 2910 1864 2984 enarrarunt,
1937 2911 2053 2970 aut
2108 2907 2396 2990 singulas
2440 2909 2510 2973 in
2550 2910 2666 2975 illo

367 3010 536 3075 bello
601 3029 706 3073 res
765 3012 978 3092 gestas
1046 3011 1670 3094 commemorarunt,
1758 3012 1976 3072 tamen
2033 3028 2199 3092 quae
2266 3030 2346 3075 ex
2412 3012 2671 3077 illorum

368 3112 623 3196 scriptis
669 3115 924 3176 servata
968 3115 1121 3174 sunt
1141 3159 1156 3188 ,
1221 3113 1359 3173 tam
1402 3107 1597 3172 exilia
1639 3113 1707 3172 et
1748 3130 1977 3176 manca
1996 3160 2011 3187 ‚
2080 3116 2214 3176 tam
2260 3120 2565 3198 corrupta
2608 3121 2675 3180 et

367 3215 718 3299 depravata
776 3217 959 3290 sunt,
1031 3216 1104 3276 ut
1160 3209 1334 3277 iusta
1377 3216 1575 3294 atque
1620 3209 1873 3295 integra
1918 3212 2076 3279 belli
2123 3216 2415 3282 narratio
2457 3237 2537 3282 ex
2581 3218 2675 3284 eis

371 3315 667 3399 componi
710 3316 817 3378 vix
861 3313 1080 3397 possit.

542 3416 664 3495 Qui
708 3422 929 3481 nostra
972 3419 1186 3479 aetate
1232 3414 1312 3479 de
1355 3413 1524 3478 bello
1565 3413 1806 3480 Punico
1848 3416 2062 3498 primo
2103 3418 2513 3504 scripserunt,
2561 3427 2677 3487 aut

367 3541 495 3585 non
538 3540 756 3585 omnes
797 3518 1216 3601 inspexerunt
1259 3522 1558 3582 auctores
1602 3518 1712 3600 qui
1758 3522 2052 3599 exstant,
2101 3526 2217 3586 aut
2257 3522 2459 3588 verba
2501 3529 2673 3588 vete·-

369 3643 516 3687 rum
559 3621 968 3705 scriptorum,
1017 3619 1127 3703 qui
1172 3618 1621 3684 diversissimis
1665 3621 2059 3703 temporibus
2104 3623 2432 3703 vixerunt,
2502 3626 2676 3691 inter

373 3746 441 3790 se
495 3723 921 3790 confuderunt
986 3730 1181 3804 atque
1240 3724 1784 3804 composuerunt,
1858 3726 2190 3808 tamquam
2256 3726 2447 3791 unius
2513 3733 2679 3791 esset

374 3825 703 3911 scriptoris
746 3823 1039 3889 narratio
1074 3825 1158 3905 3),
1219 3826 1335 3886 aut
1377 3824 1649 3906 denique
1693 3824 1996 3907 neglectis
2040 3827 2309 3910 reliquis
2352 3828 2677 3911 scriptori·

374 3931 493 3995 bus
536 3928 831 3993 omnibus
875 3945 1073 3991 unum
1117 3929 1482 4007 auctorem,
1552 3946 1742 4009 quem
1786 3928 2099 4013 optimum
2141 3935 2208 3996 et
2249 3929 2678 4022 luculentissi-

521 4168 562 4231 ι)
633 4166 693 4219 in
728 4163 931 4220 scholis
967 4164 1038 4219 de
1072 4162 1308 4218 historia
1340 4162 1590 4217 Romana
1625 4161 1697 4216 ab
1731 4161 1918 4216 Islerof
1942 4161 2122 4215 editis,
2166 4163 2319 4218 1846.
2355 4161 2407 4216 Ι.
2446 4180 2501 4230 p.
2531 4165 2613 4217 16.

396 4288 402 4293 -
518 4253 566 4318 2)
634 4253 678 4320 1,
720 4254 801 4321 13,
841 4253 925 4304 11.
967 4251 1051 4305 ed.
1087 4248 1339 4305 Dindorf.
1410 4249 1631 4318 Lipsiae
1665 4247 2090 4305 MDCGGLXVI.

482 4338 489 4342 ’
517 4340 563 4410 3)
606 4362 614 4371 2
637 4338 736 4394 cfr.
769 4338 1062 4395 Niebuhrii
1097 4338 1228 4394 hist.
1262 4337 1418 4394 Rom.
1455 4337 1566 4393 vol.
1590 4336 1687 4391 111.
1720 4353 1776 4406 p.
1796 4337 1920 4391 508.
1958 4338 2075 4391 not.
2098 4338 2221 4391 847.
