3088 5021
1454 361 1530 424 31

330 527 691 619 Eutropius
708 526 778 609 ¹),
823 524 1084 590 Orosius
1100 526 1162 608 ²)
1180 524 1362 591 Livio
1393 526 1553 589 duce
1583 525 1852 590 Fabium
1899 524 2292 592 consuluisse
2312 526 2629 605 videntur,

333 650 485 695 cum
515 630 582 694 in
614 628 715 693 his
738 626 1196 712 quoqueqibris
1210 625 1567 691 Poenorum
1600 626 1876 711 perfidia
1907 629 2096 694 nimis
2128 628 2299 694 elata
2329 630 2432 694 sit.
2478 628 2633 694 Oro-

333 734 473 796 sius
516 729 776 815 quidem
820 751 949 795 non
995 750 1035 795 a
1065 727 1279 793 Boode
1326 728 1434 792 sed
1481 728 1563 793 ab
1609 729 1749 812 ipso
1789 730 2150 796 Hannibale
2194 736 2451 814 captum
2498 750 2633 796 esse

331 831 933 917 Scipionemvdicit,
1009 830 1118 896 sed
1163 830 1324 896 haec
1369 828 1735 895 differentia
1788 831 1976 897 facile
2028 833 2415 918 explicatur,
2488 853 2634 900 cum

333 936 588 1001 Boodes
616 934 950 999 simulasse
981 933 1259 1011 dicatur,
1308 931 1742 998 Hannibalem
1787 934 1996 1018 ipsum
2029 935 2635 1020 expeditioni'prae-

333 1058 496 1104 esse.
586 1035 850 1103 Orosius
893 1034 1170 1119 denique
1213 1056 1293 1100 ex
1337 1055 1513 1100 more
1560 1055 1675 1100 suo
1718 1056 1854 1101 rem
1901 1038 2266 1123 ampliavit,
2313 1058 2458 1102 cum
2503 1037 2630 1104 Sci·

333 1140 594 1225 pionem
652 1140 719 1203 in
760 1137 1030 1203 vinculis
1072 1142 1372 1202 necatum
1415 1158 1552 1202 esse
1601 1138 1807 1216 dicat,
1881 1138 2052 1222 quod
2097 1161 2359 1224 prorsus
2400 1139 2635 1206 falsum

258 1226 267 1232 ’
334 1246 470 1320 est,
514 1261 658 1305 cum
703 1240 914 1325 Scipio
957 1244 1181 1323 postea
1223 1239 1457 1303 iterum
1502 1240 1724 1305 consul
1768 1239 1976 1315 factus
2020 1242 2153 1339 sit„
2216 1243 2547 1328 Appianus
2577 1244 2634 1322 3)

336 1364 595 1427 quoque
639 1342 807 1407 hanc
849 1363 984 1407 rem
1029 1342 1566 1422 commemoravit,
1614 1343 1723 1408 sed
1768 1343 1938 1409 iusto
1982 1343 2254 1424 brevius,
2301 1349 2637 1430 praeterea

333 1445 426 1511 M.
477 1442 841 1511 Cornelium
883 1465 1221 1529 perperam
1265 1443 1560 1510 nominat
1604 1446 1927 1512 consulem
1946 1496 1964 1526 ,
2007 1468 2153 1512 cum
2199 1446 2434 1514 Cneius
2482 1446 2635 1514 Cor-

333 1549 551 1614 nelius
570 1570 578 1573 “
592 1548 806 1614 fuerit.

514 1650 605 1716 De
671 1653 785 1715 Cn.
849 1649 1126 1714 Cornelii
1170 1648 1505 1736 Scipionis
1572 1652 1947 1733 cognomine
2008 1651 2203 1716 Asina
2267 1651 2480 1716 nescio
2548 1671 2635 1717 an

334 1753 815 1846 Niebuhriusfl)
874 1757 1048 1817 recte
1108 1752 1489 1831 coniecerit,
1563 1756 1704 1818 tum
1768 1753 2046 1838 primum
2114 1753 2237 1819 hoc
2288 1773 2634 1837 cognomen

333 1857 516 1940 genti
561 1854 894 1920 Corneliae
941 1875 1076 1919 esse
1122 1854 1395 1920 inditum
1416 1906 1431 1936 ,
1497 1876 1642 1921 cum
1687 1855 2050 1921 Macrobius
2083 1858 2144 1937 ⁵)
2188 1854 2461 1920 affirmet
2505 1857 2635 1922 iam

334 1965 535 2025 antea
576 1958 772 2023 fuisse
818 1956 1132 2022 Corneliis
1178 1976 1529 2041 cognomen
1577 1958 1829 2023 Asinae.

513 2059 808 2126 Cornelio
875 2081 915 2126 a
971 2059 1201 2126 Peenis
1257 2065 1446 2144 capto
1512 2060 1679 2126 alter
1735 2058 1957 2125 consul
2013 2057 2087 2123 Ο.
2144 2050 2433 2124 Duellius
2490 2080 2635 2126 cum

335 2169 481 2229 tota
524 2164 724 2228 classe
769 2168 1026 2249 evectus
1070 2162 1633 2245 Carthaginienses
1686 2161 1860 2245 apud
1903 2159 2223 2244 Mylaeum
2267 2166 2637 2245 promonto-

336 2267 507 2332 rium
554 2266 721 2330 vicit.
841 2265 956 2330 His
1000 2265 1068 2329 in
1112 2265 1302 2329 rebus
1343 2265 1688 2330 narrandis
1733 2263 2067 2347 Polybium
2098 2265 2154 2342 6)
2199 2263 2382 2329 Fabii
2437 2283 2637 2330 anna-

334 2368 434 2433 les
492 2373 776 2433 secutum
842 2387 977 2432 esse
1041 2368 1182 2451 ipsa
1235 2368 1372 2433 eius
1425 2368 1622 2434 verba
1672 2362 2111 2453 Καρχηὸόνιοι
2166 2405 2242 2416 -—-
2302 2388 2636 2454 καταφρο-

334 2472 598 2548 νοῦντες
650 2472 767 2556 τῆς
816 2463 1125 2554 ἀπειρίας
1173 2472 1304 2534 τῶν
1354 2464 1685 2555 Ῥωμαίων
1729 2464 1975 2548 πάντες
2028 2463 2266 2535 ἔπλεον
2308 2461 2637 2557 ἀντίπρῳ-

337 2595 446 2659 ροι
499 2575 642 2650 τοῖς
708 2567 1056 2655 πολεμίοις
1105 2565 1258 2638 οὐδὲ
1311 2570 1554 2655 τάξεως
1604 2568 2122 2655 καταξιώσαντες
2172 2567 2286 2640 τὸν
2343 2566 2638 2638 κίνδυνον

339 2667 484 2739 ἄλλ’
528 2667 616 2752 ὥς
659 2671 778 2740 ἐπὶ
820 2670 1003 2740 ’λείαν
1045 2670 1192 2740 τινὰ
1237 2672 1568 2763 πρόδηλον
1627 2675 2066 2741 demonstrare
2121 2673 2277 2738 mihi
2322 2675 2637 2756 videntur,

341 2798 486 2844 cum
537 2778 819 2843 Zonaras
852 2781 945 2862 ⁷),
1023 2778 1228 2843 Dione
1273 2778 1491 2843 Cassio
1553 2778 1713 2844 duce
1734 2829 1749 2857 ‚
1824 2783 1938 2842 aut
1998 2776 2345 2842 Diodorum
2366 2827 2385 2857 ,
2458 2778 2638 2844 cuius

339 2882 631 2947 narratio
694 2869 823 2945 non
881 2884 1125 2959 exstat,
1200 2885 1317 2945 aut
1375 2881 1587 2965 ipsum
1645 2878 1969 2944 Philinum
2028 2884 2282 2944 secutus
2340 2879 2454 2958 sit,
2527 2880 2638 2963 qui

342 2986 547 3051 dixit:
639 2977 923 3069 συντόνῳ
968 2979 1334 3068 χρῳμένους
1376 2977 1623 3070 εἰρεσίᾳ
1670 2983 1982 3067 impetum
2028 2981 2252 3046 fecisse
2300 2979 2637 3065 Carthagi·

278 3167 287 3176 Χ
340 3088 594 3153 nienses
658 3086 725 3150 in
792 3085 1135 3151 Romanos,
1269 3085 1616 3150 Praeterea
1673 3085 2021 3169 Eutropius
2050 3085 2113 3166 8)
2170 3088 2237 3148 et
2292 3082 2554 3148 Orosius
2583 3086 2639 3163 9)

341 3189 569 3256 eadem
611 3188 901 3253 referunt
943 3195 1138 3271 atque
1183 3186 1511 3272 Polybius,
1570 3208 1699 3271 qua
1741 3208 1810 3252 re
1853 3184 2223 3251 confirmari
2265 3185 2423 3250 mihi
2467 3184 2639 3252 vide·

341 3300 483 3372 tur,
559 3292 891 3376 Polybium
940 3295 1005 3354 et
1049 3289 1330 3368 Livium,
1403 3290 1512 3372 qui
1574 3308 1905 3372 nunquam
1953 3287 2277 3352 Philinum
2324 3285 2639 3368 adhibuit,

341 3394 613 3460 Fabium
667 3397 915 3458 secutos
984 3413 1136 3456 esse.
1269 3390 1568 3475 Polybius
1624 3391 1914 3478 quidem,
2003 3390 2114 3473 qui
2176 3409 2379 3472 aeque
2442 3392 2641 3472 atque

341 3497 692 3579 Eutropius
749 3502 816 3560 et
877 3494 1139 3559 Orosius
1202 3494 1421 3560 XXXI
1485 3485 1682 3559 naves
1745 3515 1785 3557 a
1834 3492 2150 3573 ,Romanis
2215 3494 2437 3574 captas
2500 3510 2640 3556 esse

339 3598 625 3675 rettulit,
670 3602 893 3680 postea
932 3618 1078 3661 cum
1121 3598 1381 3662 navium
1413 3603 1751 3681 captarum
1796 3600 1863 3661 et
1905 3613 2257 3660 mersarum
2303 3613 2639 3658 numerum

340 3701 396 3765 1.
431 3699 624 3764 fuisse
654 3698 907 3777 dixerit,
952 3699 1149 3764 nimio
1194 3699 1528 3764 brevitatis
1573 3698 1785 3764 studio
1830 3686 2091 3782 plenam
2134 3716 2465 3776 summam,
2510 3714 2640 3760 non

340 3805 714 3867 accuratum
759 3801 1018 3866 navium
1065 3807 1402 3886 captarum
1445 3808 1509 3868 et
1554 3802 1990 3867 demersarum
2034 3819 2401 3878 numerum,
2450 3817 2641 3880 quem

338 3903 693 3987 Eutropius
737 3909 803 3969 et
846 3902 1105 3969 Orosius
1145 3903 1388 3970 referre
1431 3903 1592 3969 mihi
1635 3903 1933 3969 videntur
1955 3951 1972 3982 ‚
2017 3900 2257 3966 attulit.
2339 3889 2641 3984 Denique

489 4168 528 4237 ι)
595 4169 678 4239 11,
718 4170 806 4222 20.
985 4167 1029 4235 2)
1101 4165 1194 4235 Ν,
1233 4169 1282 4219 7.
1458 4166 1507 4236 ³)
1578 4166 1716 4221 run.
1752 4166 1910 4235 v111,
1948 4168 2010 4234 4,
2049 4167 2099 4220 3.

485 4257 529 4322 ⁴)
598 4256 757 4311 Rom.
797 4254 993 4309 Gesch.
1030 4254 1147 4308 III.
1184 4258 1306 4311 677.
1480 4256 1528 4321 5)
1601 4258 1704 4310 sat.
1746 4257 1801 4321 1,
1839 4257 1891 4309 6.
2068 4253 2113 4321 6)
2153 4247 2241 4323 Ἰ,
2278 4254 2378 4323 23,
2416 4254 2468 4308 3.

484 4344 530 4412 ⁷)
599 4342 758 4413 VIII,
798 4344 877 4433 ι11.
1053 4341 1102 4411 8)
1171 4342 1259 4411 11,
1296 4345 1380 4397 20.
1557 4340 1605 4411 ⁹)
1676 4342 1769 4410 IV,
1808 4344 1859 4396 7.
2472 4354 2474 4357 ⁴
