3088 5021
1392 365 1491 427 43-

253 523 565 603 vissent‚
623 526 933 609 proelium
978 527 1140 592 inire
1183 549 1308 592 non
1355 549 1493 594 esse
1536 549 1758 609 ausos,
1804 529 1917 595 sed
1963 530 2031 595 in
2081 534 2334 595 montes
2378 549 2446 594 se
2489 549 2590 594 re-

257 627 535 710 cepisse
569 677 584 704 ,
654 634 869 693 tamen
915 628 1224 694 Thermas
1270 630 1494 695 urbem
1538 636 1606 696 et
1648 631 1947 716 Liparam
2009 652 2051 696 a
2094 631 2398 697 Romanis
2453 652 2590 696 esse

255 737 708 813 expugnatas,
799 731 850 794 E
898 731 1174 796 Diodoro
1204 737 1254 811 Ι)
1300 738 1516 797 autem
1565 734 2022 814 cognoscimus,
2067 734 2375 798 Thermas
2418 752 2590 798 anno

256 852 324 896 a.
364 853 436 894 u.
479 855 531 896 c.
584 832 704 897 DII
746 833 823 898 in*
847 833 1279 899 Romanorum
1324 835 1634 899 ditionem
1678 855 1815 900 esse
1858 836 2194 916 redactas3
2259 835 2590 900 amborum

261 940 510 999 autem
570 936 950 1019 scriptorum
1015 936 1423 1001 narrationes
1482 938 1576 1000 ita
1619 939 2056 1019 consentiunt,
2129 943 2204 1003 ut
2246 960 2324 1003 ex
2368 936 2590 1002 eodem

255 1034 482 1100 fonte*
526 1037 795 1101 haustae
854 1059 992 1103 esse
1052 1037 1426 1114 videantur;
1504 1039 1803 1122 Polybius
1845 1041 2283 1106 Romanorum
2349 1046 2591 1104 metum

259 1138 377 1202 vel
442 1139 769 1220 ignaviam
805 1190 818 1216 ‚
898 1140 1213 1205 Diodorus
1267 1160 1486 1204 eorum
1550 1142 1891 1206 avaritiam
1950 1141 2181 1222 effert,
2256 1163 2386 1226 qua
2443 1163 2589 1206 cum

263 1240 604 1306 Thermas
645 1242 775 1306 iam
817 1242 1335 1324 occupavissent,
1381 1241 1570 1306 irrita
1612 1242 1786 1309 facta
1829 1244 1915 1310 sit
1958 1245 2364 1329 expugnatio.
2441 1247 2590 1308 Am-

266 1342 362 1408 bo
434 1345 778 1426 scriptores
838 1341 1194 1423 affirmant,
1287 1350 1548 1428 praeter
1590 1343 1897 1410 Thermas
1943 1347 2028 1411 in
2073 1345 2293 1411 Sicilia
2348 1345 2588 1411 nullam

270 1445 520 1510 urbem
564 1467 604 1509 a
647 1446 953 1510 Romanis
998 1466 1134 1510 esse
1181 1452 1672 1530 expugnatam3·
1728 1447 2009 1512 Zonaras
2041 1449 2093 1527 2)
2136 1453 2362 1513 contra
2404 1468 2590 1532 prae-

270 1553 390 1611 ter
439 1547 769 1612 Himeram
826 1548 1063 1612 multas
1120 1547 1284 1611 alias
1342 1548 1532 1613 urbes
1591 1568 1729 1613 esse
1790 1555 2133 1634 occupatas
2195 1570 2237 1614 a
2281 1549 2590 1617 Romanis

273 1648 485 1729 dicit,
531 1671 660 1733 qua
701 1671 771 1714 re
816 1649 1183 1714 confirmari
1228 1651 1388 1729 mihi
1431 1651 1716 1730 videtur,
1762 1652 2093 1734 Polybium
2136 1656 2202 1716 et
2243 1652 2589 1717 Diodorum

275 1751 552 1817 Philino
599 1772 746 1817 usos
791 1774 959 1831 esse,
1035 1754 1320 1817 Zonaras
1385 1755 1822 1818 narrationem
1876 1754 1941 1819 in
1989 1748 2186 1819 Fabio
2230 1754 2450 1833 inniti,
2523 1753 2588 1817 id

278 1861 395 1918 est
437 1875 484 1917 a
523 1854 701 1918 Livio
745 1854 1047 1935 Fabium,
1107 1876 1147 1919 a
1195 1854 1393 1919 Dione
1437 1855 1657 1920 Cassio
1702 1855 1984 1935 Livium,
2050 1877 2090 1920 a
2135 1857 2389 1922 Zonara
2435 1856 2589 1920 Dio·

280 1977 442 2020 nem
489 1955 780 2021 Cassium
825 1978 962 2022 esse
1007 1956 1385 2022 adhibitum.
1507 1958 1803 2022 Fortasse
1846 1958 2040 2021 etiam
2086 1977 2165 2022 ea
2206 1979 2311 2023 res
2333 2008 2351 2039 ,
2417 1957 2589 2042 quod

279 2058 609 2123 Thermae
674 2060 865 2139 urbs,
930 2080 1124 2142 quae,
1207 2060 1473 2124 Himera
1534 2080 1703 2124 anno
1759 2079 1819 2123 a.
1865 2081 1926 2124 u.
1973 2080 2026 2123 c.
2075 2057 2444 2125 CCCXLVI
2505 2059 2589 2125 ab

285 2161 957 2242 Hannibalefflruta,
1032 2181 1072 2225 a
1116 2160 1751 2244 Carthaginiensibus
1810 2162 2031 2226 eodem
2077 2161 2215 2226 loco
2259 2166 2400 2226 erat
2441 2182 2590 2226 con·

283 2263 463 2341 dita,
529 2285 569 2328 a
611 2264 917 2328 R'omanis
961 2284 1211 2347 semper
1257 2263 1520 2328 Himera
1563 2271 1661 2327 est
1703 2263 2039 2328 nominata
2061 2266 2153 2341 3),
2199 2265 2588 2328 sententiam

285 2386 506 2430 meam
550 2365 923 2445 confirmat,
997 2367 1283 2431 Zonarae
1335 2365 1772 2430 narrationem
1832 2365 1900 2428 in
1945 2365 2235 2430 Romano
2279 2364 2591 2448 scriptore

279 2467 433 2533 niti.
543 2468 885 2534 Praeterea
929 2470 1212 2535 Zonaras
1241 2470 1299 2551 4)
1344 2468 1897 2534 narratiunculam
1943 2466 2166 2566 affert,
2231 2487 2425 2551 quam
2471 2467 2612 2532 eis-1

283 2569 441 2633 dem
467 2570 616 2650 ‘fere
660 2571 870 2636 verbis
906 2572 1194 2637 Valerius
1224 2572 1543 2635 Maximus
1575 2573 1659 2650 ⁵),
1730 2577 1793 2636 et
1839 2572 1948 2654 qui
1992 2591 2138 2635 eum
2182 2570 2590 2654 exscripsisse

281 2672 547 2736 videtur
598 2672 890 2738 Frontini
947 2672 1255 2738 librorum
1321 2674 1747 2757 interpolator
1778 2675 1834 2752 6)
1902 2673 2187 2738 tradunt.
2306 2672 2592 2737 Zonaras

284 2774 552 2858 quidem
600 2775 926 2841 tribunum
974 2776 1282 2856 militum,
1350 2777 1528 2841 cuius
1572 2776 1636 2839 in
1684 2796 1761 2839 ea
1803 2776 2171 2839 narratione
2215 2776 2452 2839 mentio
2496 2774 2589 2854 fit,

244 2878 259 2883 ’
287 2878 373 2957 Ω.
418 2877 744 2957 Cassium,
798 2878 1092 2943 Valerius
1124 2879 1443 2943 Maximus
1487 2899 1632 2942 eum
1678 2878 1747 2942 P.
1784 2876 2113 2941 Aurelium
2160 2876 2590 2957 Pecuniolam,

284 2980 920 3045 Pseudo-Frontinus
963 3002 1108 3046 eum
1154 2982 1222 3046 P.
1259 2981 1587 3046 Aurelium
1634 2979 1957 3064 appellat,
2012 2984 2258 3057 tamen,
2322 2980 2374 3044 si
2421 3001 2589 3045 com-

285 3102 598 3167 paramus
649 3084 884 3149 Valerii
933 3084 1227 3163 Maximi,
1287 3084 1614 3163 Frontini,
1664 3083 1948 3146 Zonaras
1993 3085 2425 3161 narrationes,
2491 3102 2591 3147 sa-

289 3186 382 3249 tis
427 3192 728 3269 apparet,
775 3187 1103 3252 Valerium
1138 3186 1487 3251 Maximum
1529 3186 1740 3270 ipsum
1772 3185 1935 3249 Livii
1979 3183 2159 3249 libris
2203 3205 2387 3249 usum
2433 3205 2589 3263 esse,

288 3310 328 3352 6
377 3288 634 3353 Valerio
679 3289 1337 3354 Pseudo-Frontinum
1383 3290 1816 3352 narrat-ionem
1859 3292 2221 3351 mutuatum
2271 3308 2428 3366 esse,
2474 3287 2590 3351 Zo-

290 3411 522 3455 naram
570 3391 773 3456 Dione
806 3393 1026 3457 Cassio
1071 3392 1231 3457 duce
1275 3412 1393 3456 sua
1435 3412 1469 3456 e
1504 3391 1684 3455 Livio
1729 3388 2035 3454 hausisse.
2127 3390 2328 3468 Quem
2374 3389 2592 3455 Livius

291 3498 623 3559 auctorem
667 3493 993 3574 habuerit,
1060 3495 1354 3576 indagari
1399 3493 1643 3578 nequit.

439 3750 480 3813 ¹)
552 3750 764 3818 XXIII,
801 3753 886 3804 20.
1065 3750 1110 3818 2)
1179 3750 1339 3819 VIII,
1380 3751 1462 3804 14.

438 3838 487 3901 3)
561 3838 661 3892 cfr.
699 3838 808 3918 Cic.
845 3838 905 3890 in
940 3838 1096 3894 Verr.
1132 3838 1212 3905 ΙΙ,
1253 3839 1350 3907 35,
1389 3839 1475 3895 86.
1568 3836 1709 3891 Ρ1111.
1744 3839 1858 3891 nat.
1896 3835 2026 3891 hist.
2063 3836 2169 3905 111,
2201 3839 2257 3891 8.
2329 3836 2591 3907 Pompon.

289 3925 441 3980 Mela
478 3924 560 3993 11,
597 3927 648 3979 7.
829 3928 874 3991 4)
946 3927 1108 3991 vm,
1155 3928 1234 3979 14.
1298 3947 1308 3953 -
1412 3927 1455 3984 ⁵)
1525 3925 1620 3992 Π,
1658 3928 1724 3992 7,-
1756 3926 1808 3977 4.
1986 3923 2029 3992 ⁶)
2100 3925 2194 3993 IV,
2236 3925 2294 3992 1,
2332 3926 2417 3977 31.
