3088 5021
1494 308 1592 424 11*

375 516 532 584 belli
576 517 948 583 narratione
993 539 1141 599 non,
1167 537 1430 602 prorsus
1474 518 1778 601 neglexit.
1914 520 2143 603 Itaque
2190 517 2245 583 si
2289 516 2553 585 Diodori
2595 516 2672 582 Ii-

376 619 476 687 bri
519 620 743 686 XXIII
786 625 852 685 et
894 620 1128 686 XXIV.
1185 621 1251 686 in
1296 620 1526 705 quibus
1569 620 1806 687 bellum
1850 621 2161 686 Punicum
2206 620 2483 705 primum
2525 638 2673 683 nar-

376 726 590 788 ratum
633 728 774 787 erat
796 773 810 801 ,
885 723 1122 806 integri
1168 725 1414 788 'servati
1460 731 1705 804 essent,
1779 718 2024 807 Polybii
2067 723 2501 788 narrationem
2545 741 2672 786 non

376 810 581 889 soloin
625 825 863 909 optime
907 825 1233 910 supplere,
1281 826 1393 891 sed
1437 826 1634 891 etiam
1679 827 1995 909 eorrigere
2040 845 2397 910 possemus;
2464 829 2535 890 at
2578 824 2671 888 ni-

378 926 473 991 hil
529 927 648 990 nisi
705 928 959 1010 eclogae
1004 949 1083 992 ex
1130 928 1257 993 illis
1301 928 1481 994 libris
1536 934 1823 1008 exstant,
1896 929 1962 993 in
2010 928 2240 1012 quibus
2294 947 2421 992 non
2466 927 2670 991 solum

364 1028 639 1117 =Diodori
686 1048 892 1097 sermo
937 1031 1017 1096 ab
1064 1031 1396 1114 eclogariis
1441 1032 1826 1115 depravatus
1870 1037 2000 1114 est,
2067 1030 2178 1096 sed
2224 1030 2418 1095 etiam
2464 1029 2673 1097 omnis

375 1130 512 1195 eius
557 1133 840 1197 narratio
870 1132 1190 1218 discerpta
1232 1139 1298 1199 et
1342 1133 1609 1200 confusa
1652 1141 1766 1199 est.

545 1233 796 1298 Tertius
839 1236 1112 1321 scriptor
1155 1237 1266 1320 qui
1311 1236 1549 1301 Philini
1605 1236 1835 1302 librum
1900 1233 2252 1318 inspexisse
2297 1232 2454 1296 mihi
2497 1231 2671 1297 vide-

377 1340 514 1412 tur,
586 1341 689 1400 est
733 1336 1064 1404 Cornelius
1115 1340 1329 1424 Nepos
1349 1388 1366 1419 ,
1441 1339 1551 1423 qui
1599 1338 1981 1403 Hamilcaris
2023 1336 2221 1401 vitam
2276 1335 2670 1419 conscripsit.

379 1436 712 1504 Cornelius
755 1441 925 1506 enim
967 1462 1156 1526 saepe
1200 1464 1302 1507 res
1346 1462 1504 1525 quas
1551 1441 1850 1525 Polybius
1887 1440 1943 1525 1)
1987 1445 2053 1504 et
2098 1437 2413 1503 Diodorus
2447 1439 2500 1517 2)
2566 1457 2670 1502 ao-

379 1547 600 1606 curate
642 1550 1101 1627 exposuerunt,
1164 1544 1391 1609 leviter
1433 1545 1846 1629 perstrinxit,
1892 1546 1985 1606 ita
2027 1545 2103 1605 ut
2145 1545 2259 1605 aut
2301 1539 2669 1604 existiman-

380 1641 533 1708 dum
598 1644 712 1724 sit,
789 1665 830 1710 a
875 1645 1169 1712 Cornelio
1214 1646 1459 1730 Nepote
1515 1646 1765 1731 Polybii
1824 1651 1890 1711 et
1943 1642 2210 1709 Diodori
2265 1643 2670 1708 narrationes

378 1764 514 1810 esse
582 1747 1095 1834 contaminatas,
1166 1749 1335 1832 quod
1395 1749 1649 1833 quidem
1709 1748 1814 1814 vix
1873 1744 2258 1812 credendum
2316 1749 2450 1823 est,
2523 1765 2669 1809 cum

377 1846 711 1913 Cornelius
765 1870 868 1915 res
922 1835 1112 1915 nimis
1148 1851 1549 1916 *festinanter
1594 1849 2079 1935 conscripserit3
2154 1851 2268 1912 aut
2310 1867 2526 1911 rerum
2586 1847 2668 1913 ab

378 1949 744 2039 Hamilcare
799 1958 1126 2034 gestarum
1185 1955 1617 2020 narrationem
1676 1975 1754 2018 ex
1814 1953 1952 2036 ipso
1997 1949 2244 2033 Polybii
2295 1952 2361 2013 et
2404 1948 2670 2015 Diodori

379 2058 671 2131 auctore,
732 2054 1010 2134 Phihno,
1058 2076 1195 2120 esse
1240 2056 1557 2122 haustam.
1670 2055 2031 2120 Romanum
2075 2057 2247 2117 certe
2291 2052 2668 2136 scriptorem

379 2152 716 2221 Cornelius
761 2179 887 2222 non
933 2158 1263 2238 adhibuit,
1308 2180 1502 2243 quum
1548 2158 1980 2223 Hamilcarem
2025 2155 2214 2219 nimis
2258 2154 2639 2219 laudaverit.

547 2256 641 2321 De
708 2259 954 2343 Polybii
1020 2266 1086 2326 et
1152 2261 1413 2327 Diodori
1487 2260 1871 2327 auctoritate
1930 2263 2125 2341 atque
2188 2257 2315 2322 fide
2378 2256 2669 2323 homines
2723 2260 2734 2275 ⁴
2787 2246 2792 2251 ’

376 2359 548 2423 docti
591 2362 745 2426 satis
789 2362 959 2449 inter
1003 2383 1070 2429 se
1114 2365 1553 2442 consentiunt,
1607 2364 1713 2428 vix
1758 2367 1974 2427 autem
2020 2359 2221 2425 ullum
2267 2360 2333 2424 in
2378 2364 2668 2427 veterum

372 2482 639 2529 numero
682 2463 1058 2549 scriptorem
1096 2466 1387 2532 invenias
1411 2516 1426 2547 ,
1499 2466 1578 2532 de
1622 2466 1804 2531 cuius
1848 2462 2235 2529 auctoritate
2278 2466 2416 2527 tam
2461 2463 2669 2527 diver-

373 2585 481 2631 sae
525 2568 886 2652 propositae
930 2569 1059 2634 sint
1102 2571 1482 2650 sententiae,
1556 2590 1750 2654 quam
1797 2568 1877 2633 de
1920 2567 1989 2631 T.
2039 2565 2252 2646 Livio,
2319 2566 2433 2649 qui
2476 2564 2667 2629 modo

374 2668 559 2760 valde
602 2669 935 2750 laudatur,
1009 2672 1195 2738 modo
1239 2674 1464 2739 acerbe
1507 2674 1931 2757 vituperatur.
2048 2665 2210 2733 Mihi
2255 2666 2514 2752 quidem
2559 2686 2668 2732 ne-

374 2792 496 2854 que
541 2793 790 2838 summa
833 2773 1024 2838 laude
1087 2795 1296 2859 neque
1339 2776 1511 2842 omni
1555 2773 1894 2859 opprobrio
1941 2772 2174 2856 dignus
2214 2790 2351 2836 esse
2394 2769 2665 2835 videtur.

375 2872 545 2939 Satis
587 2881 880 2942 accurate
925 2876 1143 2942 Livius
1185 2899 1288 2944 res
1330 2877 1618 2960 collegit,
1662 2897 1911 2943 summa
1956 2879 2095 2942 arte
2141 2894 2249 2939 eas
2294 2871 2667 2958 composuit,

375 2977 486 3041 sed
541 2998 686 3043 cum
742 2980 861 3045 sibi
917 3002 1295 3065 persuasum
1350 2981 1647 3046 habuisse
1706 2979 2034 3056 videatur,
2119 2976 2429 3061 quidquid
2487 2974 2666 3039 inda·

374 3080 511 3163 gari
572 3084 857 3165 potuerit
911 3084 975 3147 in
1040 3090 1226 3150 tanta
1284 3105 1501 3149 rerum
1564 3090 1884 3165 gestarum
1947 3080 2131 3165 copia
2153 3129 2168 3158 ,
2254 3100 2297 3145 a
2350 3077 2669 3162 prioribus

375 3183 791 3266 scriptoribus
850 3206 984 3252 esse
1051 3188 1506 3272 investigatum
1536 3236 1553 3264 ,
1640 3187 1708 3250 in
1765 3205 1986 3251 eorum
2059 3183 2293 3248 iudicio
2350 3179 2669 3263 acquievit

375 3304 580 3368 neque
625 3294 910 3354 veterum
955 3290 1336 3374 scriptorum
1396 3274 1812 3353 narrationes
1845 3288 2247 3362 examinare,
2322 3295 2526 3366 neque
2567 3302 2667 3347 re-

276 3423 291 3430 ν’
375 3408 518 3452 rum
564 3409 727 3472 quae
784 3396 1000 3474 gestae
1055 3398 1208 3457 sunt
1250 3392 1512 3457 ultimas
1557 3412 1782 3457 causas
1839 3390 2147 3474 indagare
2205 3386 2483 3465 studuit,
2555 3384 2667 3450 sed

375 3489 587 3554 omnia
641 3512 806 3574 quae
865 3493 1060 3577 digna
1116 3494 1176 3559 ei
1232 3495 1366 3560 visa
1425 3500 1577 3559 sunt
1635 3495 1893 3577 cognitu
1917 3544 1932 3573 ‚
2021 3487 2406 3575 conquisivit
2471 3493 2667 3570 atque

374 3594 731 3676 composuit
771 3596 853 3676 3).
981 3595 1325 3663 Praeterea
1397 3618 1605 3680 neque
1677 3597 1847 3661 vitae
1921 3616 2039 3660 usu
2071 3644 2087 3673 ‚
2175 3581 2379 3675 neque
2449 3610 2666 3653 rerum

371 3694 770 3778 publicarum
816 3705 932 3762 a'ut
973 3698 1351 3765 militarium
1394 3699 1949 3765 administratione
1996 3696 2385 3763 exercitatus
2404 3744 2419 3772 ,
2463 3691 2665 3777 philo-

371 3796 716 3881 sophorum
763 3804 1015 3866 tantum
1064 3808 1178 3868 aut
1224 3802 1555 3867 rhetorum
1603 3801 1954 3885 disciplinis
2006 3799 2289 3866 imbutus
2331 3796 2664 3862 historiam

517 3994 563 4062 1)
635 3992 736 4048 cir.
761 3992 814 4047 G.
839 3992 909 4047 N.
951 3995 994 4062 1,
1033 3997 1066 4048 2
1104 3998 1162 4049 et
1196 3994 1258 4048 P.
1295 3998 1342 4062 1,
1382 3995 1465 4063 57,
1503 3999 1554 4050 7.
1627 3994 1684 4052 C.
1720 3994 1790 4049 N.
1828 3998 1875 4064 1,
1913 3999 1947 4049 4
1981 3999 2039 4049 et
2075 3995 2136 4051 P.
2177 4000 2226 4062 1,
2266 4000 2351 4068 62,
2391 4002 2442 4055 3.
2516 3999 2572 4058 G.
2597 3999 2666 4054 N.

372 4084 423 4149 2,
466 4084 498 4135 3
537 4083 594 4135 et
631 4080 695 4135 P.
738 4082 786 4149 1,
825 4073 1088 4150 sal-4
1123 4086 1181 4135 et
1220 4083 1265 4150 1,
1304 4084 1388 4153 87,
1427 4085 1477 4135 3.
1550 4082 1605 4137 o.
1640 4083 1708 4138 N.
1745 4087 1796 4139 2.
1833 4086 1868 4138 4
1903 4086 1959 4138 et
1993 4084 2052 4138 P.
2093 4088 2139 4155 1,
2176 4088 2263 4155 s4,
2302 4090 2336 4141 7
2373 4089 2429 4141 et
2461 4089 2495 4141 s
2534 4091 2593 4141 et
2622 4088 2666 4156 Ι,

374 4168 461 4237 ss,
501 4170 552 4221 2.
623 4166 782 4222 GN.
823 4169 940 4238 3‚1
984 4169 1241 4242 etP.11,
1283 4172 1329 4240 1,
1368 4174 1414 4226 6.
1487 4170 1541 4226 c.
1580 4171 1647 4226 N.
1685 4172 1995 4241 4,2et1>.
2032 4173 2102 4243 11,
2144 4175 2190 4241 1,
2227 4178 2277 4230 9.

514 4254 559 4323 2)
633 4254 732 4309 cfr.
769 4254 827 4309 O.
859 4256 929 4311 N.
971 4259 1016 4327 1,
1054 4259 1086 4312 5
1126 4261 1183 4311 et
1217 4258 1380 4314 Diod.
1415 4260 1614 4326 XXIV,
1657 4261 1721 4312 13
1759 4260 1845 4314 ed.
1882 4259 2137 4315 Dindorf.

511 4342 556 4405 3)
628 4341 725 4398 cfr.
759 4342 1195 4400 Weissenbornii
1230 4345 1406 4416 praef.
1442 4346 1502 4401 in
1538 4348 1627 4404 ed.
1661 4347 1780 4403 Liv.
1816 4348 1857 4403 1.
1892 4364 1949 4417 p.
1974 4348 2177 4404 XXXI.
