3088 5021
1356 360 1464 449 '49

261 550 482 617 solum
528 546 830 632 Polybius
865 552 913 628 ¹)
972 552 1040 614 et
1083 546 1400 612 Diodorus
1433 549 1481 629 2)
1505 597 1524 627 ,
1592 546 1702 612 sed
1762 547 1961 612 etiam
2003 545 2286 612 Zonaras
2314 547 2371 628 3)
2429 564 2576 612 cum

263 654 366 719 eis
447 672 713 738 prorsus
785 651 1148 730 consentit,
1244 649 1340 731 ita
1412 656 1488 715 ut
1557 650 1668 714 illi·
1730 649 1951 715 eodem
2023 649 2199 713 fonte
2269 650 2367 715 usi
2438 652 2577 715 esse

259 756 647 833 videantur,
724 752 1045 818 Philinum
1088 751 1262 831 dico,
1340 774 1530 836 quem
1591 750 1890 836 Polybius
1952 757 2019 816 et
2075 751 2392 817 Diodorus
2453 751 2578 835 ipsi

262 858 728 943 inspexerunt,
802 856 1086 919 Zonaras
1133 854 1411 919 Diodoro
1458 859 1523 919 et
1567 853 1771 919 Dione
1821 854 2041 918 Cassio
2099 854 2258 919 duce
2322 858 2578 919 secutus

263 965 390 1026 est.
510 960 588 1024 In
634 957 899 1024 Diodori
944 956 1201 1040 quidem
1246 956 1469 1040 ecloga
1511 978 1616 1022 res
1659 956 1960 1022 confusae
2006 961 2187 1034 sunt,
2262 978 2406 1022 cum
2450 956 2578 1020 Ro·

264 1062 452 1151 mani
515 1064 645 1127 iam
710 1067 1058 1144 antequam
1120 1059 1763 1144 Carthaginiensibus
1817 1059 2109 1143 Lilybaei
2171 1057 2434 1124 inclusis
2495 1058 2577 1124 ab

265 1163 641 1233 Hannibale
699 1164 797 1228 vel
860 1162 1107 1228 Atarba
1165 1163 1477 1227 auxilium
1544 1162 1825 1226 ferretur
1881 1162 2100 1227 urbem
2173 1181 2581 1245 oppugnave-

262 1268 427 1346 rint,
472 1283 547 1331 ut
588 1288 625 1332 e
665 1266 930 1349 Polybio
976 1272 1042 1331 et
1086 1266 1336 1330 Zonara
1379 1265 1833 1349 cognoscimus,
1879 1265 1945 1328 in
1991 1263 2105 1330 illa
2151 1273 2369 1329 autem
2411 1264 2579 1329 eclo-

265 1390 352 1454 ga
414 1370 695 1455 primum
753 1366 1136 1433 Hannibalis
1193 1369 1507 1433 adventus
1568 1373 1872 1432 narratur
1905 1417 1920 1447 ,
2016 1366 2248 1433 deinde
2306 1386 2579 1432 comme-

264 1480 567 1537 moratur
626 1492 666 1535 a
711 1471 1019 1543 Romanis
1078 1471 1411 1536 machinas
1470 1490 1607 1536 esse
1651 1476 2015 1536 exstructas
2071 1476 2147 1535 ut
2189 1470 2365 1537 urbis
2409 1490 2580 1536 moe-

264 1576 383 1641 nia
430 1575 861 1640 diruerentur.

445 1678 670 1761 Pugna
711 1676 1049 1742 commissa
1092 1682 1191 1742 est
1234 1677 1402 1741 acris
1447 1677 1621 1741 circa
1664 1675 1953 1754 moenia,
1998 1675 2111 1743 sed
2156 1674 2432 1740 Romani
2476 1695 2577 1739 re-

263 1781 441 1864 pulsi
501 1786 649 1844 sunt
703 1799 746 1845 a
800 1779 1048 1845 Poenis.
1180 1779 1377 1844 Fame
1447 1785 1646 1863 atque
1710 1779 2080 1863 pestilentia
2137 1778 2576 1843 Romanorum

262 1884 510 1949 milites
552 1884 767 1948 vexati
812 1886 963 1948 sunt
984 1931 1000 1959 ,
1073 1882 1167 1945 ita
1211 1887 1283 1946 ut
1330 1881 1498 1946 alter
1541 1881 1763 1946 consul
1822 1903 1967 1946 cum
2012 1880 2335 1946 exercitus
2391 1884 2579 1964 parte

263 1986 541 2051 Romam
585 1985 864 2065 rediret3
943 2006 1069 2069 quo
1117 1985 1290 2049 facto
1335 1984 1534 2049 Poeni
1580 2006 1659 2049 ex
1704 1984 1863 2049 urbe
1906 1989 2262 2067 eruperunt
2306 1988 2373 2047 et
2416 1988 2579 2047 tem-

262 2095 521 2173 pestate
566 2089 774 2154 adiuti
804 2088 1243 2152 Romanorum
1286 2087 1616 2151 machinas
1659 2085 2162 2151 combusserunt.
2253 2086 2387 2150 Has
2423 2105 2580 2169 quo-

264 2213 393 2275 que
440 2211 544 2256 res
588 2187 889 2274 Polybius
920 2196 1007 2271 ⁴),
1056 2190 1376 2255 Diodorus
1408 2193 1510 2272 ⁵),
1562 2189 1847 2254 Zonaras
1877 2190 1932 2266 6)
1978 2189 2217 2253 eisdem
2262 2188 2395 2253 fere
2442 2209 2581 2253 ver-

265 2295 367 2360 bis
414 2299 799 2373 narrarunt,
876 2293 1140 2359 Diodori
1186 2293 1445 2377 quidem
1487 2292 1846 2376 eclogarius
1889 2313 2105 2359 rerum
2151 2289 2443 2356 ordinem
2485 2291 2582 2356 ita

266 2397 563 2463 confudit
586 2447 600 2476 ‚
677 2400 752 2460 ut
794 2402 1140 2479 antequam
1184 2396 1353 2461 alter
1397 2396 1621 2462 consul
1667 2394 2095 2476 discessisset,
2172 2391 2582 2476 Carthagini·-

267 2507 458 2567 enses
502 2522 582 2566 ex
625 2497 783 2565 urbe
825 2497 1112 2582 erupisse
1157 2498 1349 2566 dicat.

448 2603 672 2681 Poeni,
740 2600 851 2685 qui
907 2601 1365 2667 intellexerant
1421 2602 1490 2666 in
1550 2601 1707 2665 Iocis
1759 2600 1890 2665 illis
1934 2601 2288 2665 montuosis
2331 2602 2581 2686 equites

269 2705 394 2771 sibi
441 2705 605 2769 nihil
650 2702 981 2789 prodesse,
1029 2705 1414 2769 dimiserunt
1457 2724 1566 2768 eos
1599 2704 1966 2788 Drepanum
2012 2707 2086 2767 ut
2117 2704 2439 2769 Romanos
2481 2705 2581 2769 in-

267 2807 709 2872 tercluderent
750 2813 1138 2886 commeatu3
1213 2812 1409 2891 atque
1452 2807 1728 2872 Romani
1782 2806 2121 2872 solvissent
2162 2807 2581 2893 obsidionem,

270 2910 394 2974 nisi
439 2909 637 2974 Hiero
693 2907 936 2974 auxilia
996 2910 1087 2974 eis
1143 2911 1439 2976 misisset.
1574 2910 1822 2974 Harum
1879 2930 2097 2974 rerum
2142 2911 2580 2976 narrationem

268 3012 578 3096 Polybius
621 3017 687 3076 et
719 3012 1068 3091 DiodoruS,
1122 3020 1197 3079 ut
1239 3033 1435 3096 supra
1480 3013 1791 3090 diximus,
1839 3032 1873 3075 e
1904 3011 2159 3076 Philino
2204 3012 2578 3096 hauserunt,

254 3114 565 3181 -Zonaras
609 3115 816 3179 Dione
859 3115 1021 3180 duce
1078 3136 1114 3180 e
1161 3116 1459 3181 Diodoro.
1581 3115 1748 3194 Quid
1793 3114 2032 3179 Fabius
2094 3114 2172 3178 de
2227 3114 2349 3181 hac
2407 3117 2578 3183 obsi-

270 3217 466 3285 dione
510 3216 887 3297 tradiderit,
933 3219 1225 3302 cognosci
1270 3241 1393 3284 non
1439 3225 1685 3303 potest,
1731 3238 1876 3283 cum
1908 3216 2173 3282 Orosius
2194 3221 2269 3297 ⁷),
2317 3221 2427 3331 qui
2472 3220 2579 3286 Li—

268 3321 372 3388 vio
420 3321 582 3386 duce
625 3340 770 3385 eum
818 3328 1071 3386 secutus
1115 3342 1252 3387 esse
1296 3323 1584 3401 videtur,
1650 3320 1843 3385 nimis
1886 3320 2095 3385 brevis
2140 3321 2242 3384 sit.

361 3425 620 3490 Annum
648 3423 1014 3508 proximum
1039 3425 1355 3508 insignem
1384 3419 1814 3489 reddiderunt
1844 3422 2122 3487 duarum
2141 3423 2578 3490 Romanarum

272 3524 578 3591 classium
623 3525 858 3604 clades,
902 3546 1063 3609 quas
1090 3526 1393 3610 Polybius
1426 3529 1483 3609 8)
1527 3526 1866 3608 diligenter
1905 3523 2263 3608 descripsit,
2309 3525 2580 3591 Fabium

271 3634 563 3709 secutuS,
636 3649 781 3692 cum
835 3628 995 3692 satis
1038 3628 1399 3695 consentiat
1441 3650 1586 3694 cum
1633 3628 1941 3711 Eutropio
1956 3613 2028 3709 ’9)
2091 3632 2156 3693 et
2200 3627 2425 3699 Orosio
2461 3633 2579 3711 ¹⁰);

273 3728 575 3815 Polybius
605 3730 864 3814 quidem
908 3731 1065 3796 dicit
1101 3731 1318 3802 XCIII
1369 3752 1567 3796 naves
1597 3731 2031 3795 Romanorum
2083 3749 2123 3793 a
2165 3730 2393 3796 Poenis
2442 3751 2580 3798 esse

272 3839 536 3917 captas,
611 3831 962 3918 Eutropius
1006 3840 1073 3900 et
1117 3834 1380 3901 Orosius
1426 3830 1580 3914 XG;
1655 3837 1768 3898 sed
1823 3833 2232 3897 consentiunt
2287 3839 2420 3898 tres
2480 3833 2580 3900 illi
2654 3911 2657 3918 ⁴

273 3938 618 4021 scriptores
684 3935 1028 4002 Claudium
1102 3937 1428 4004 consulem
1501 3943 1646 4002 cuin
1713 3934 1899 4001 XXX
1980 3941 2237 4000 tantum
2310 3934 2581 4003 navibus
2645 3933 2650 3936 ’

418 4207 460 4277 ι)
532 4207 587 4278 1,
623 4210 692 4262 43
731 4210 788 4262 ei
822 4211 907 4262 44.
1075 4208 1120 4278 2)
1193 4208 1447 4279 xxnn,
1488 4212 1549 4277 1,
1589 4207 1744 4261 1-3.
1883 4205 1929 4274 ³)
2003 4206 2160 4275 v111,
2200 4209 2283 4264 16.

418 4297 463 4365 ⁴)
547 4296 601 4366 1,
638 4298 868 4351 44—48.
1009 4297 1056 4367 ⁵)
1130 4297 1330 4367 XXIV,
1370 4299 1428 4367 1,
1465 4299 1625 4353 4-7.
1770 4294 1813 4363 6)
1885 4294 2045 4357 vm.
2087 4298 2169 4349 15.

414 4383 464 4455 τ)
536 4382 755 4456 1y‚10.
898 4383 943 4454 ε)
1013 4382 1075 4453 1,
1113 4385 1204 4440 49.
1347 4383 1391 4452 ⁹)
1461 4384 1556 4455 11,
1593 4386 1679 4440 26.
1823 4382 1892 4452 ιο)
1963 4381 2057 4452 lv,
2098 4384 2179 4440 10.

2000 4489 2039 4546 4
