3088 5021
1594 350 1674 411 26

485 518 661 592 sent,
704 517 1002 578 accurate
1045 506 1289 578 tradat*
1310 519 1377 577 et
1418 513 1818 580 conditiones
1862 515 2094 598 quibus
2125 515 2320 580 Hiero
2365 534 2510 578 cum
2539 513 2788 577 Roma-

482 616 580 681 nis
621 615 848 681 foedus
892 615 1137 694 inierit,
1181 615 1534 698 iniquiores
1580 622 2051 682 commomoret.
2099 655 2181 665 —
2238 617 2313 681 In
2359 614 2524 680 Livii
2568 612 2784 698 perio-

481 718 604 784 cha
646 716 806 782 nihil
863 717 987 781 nisi
1044 738 1172 801 pax
1218 738 1362 782 cum
1403 717 1685 782 Hierone
1729 720 1892 783 inita
1934 719 2245 797 refertur,
2336 715 2686 801 Eutropius
2726 720 2783 795 ¹)

381 880 388 886 .
482 826 697 886 autem
765 823 831 883 et
876 818 1148 884 -Orosius
1179 822 1232 900 2)
1291 819 1636 885 Hieronem
1698 819 1800 885 CC
1863 822 2111 886 talenta
2172 821 2420 886 dedisse
2486 818 2784 898 tradunt,

480 922 654 1007 quod
696 922 930 986 iterum
974 921 1301 991 Valerium
1349 923 1675 987 Antiatem
1721 922 1963 987 fontem
2007 922 2280 1002 indicat,
2338 924 2450 1007 qui
2493 921 2785 1007 plerum-

483 1044 607 1109 que
651 1044 950 1088 numeros
995 1024 1194 1090 auxit.
1286 1024 1637 1108 Eutropius
1684 1024 1956 1091 sortasse
1999 1046 2245 1104 rerum,
2292 1045 2457 1108 quae
2502 1025 2615 1091 illo
2660 1044 2782 1089 an-

483 1147 566 1191 no
613 1126 679 1192 in
721 1126 939 1194 Sicilia
982 1132 1198 1209 gestae
1242 1131 1409 1204 sunt,
1455 1125 1864 1191 multitudine
1908 1128 2323 1210 perturbatus
2361 1148 2586 1211 pacem
2631 1146 2784 1191 cum

485 1229 762 1293 Hierone
816 1228 1056 1293 factam
1100 1249 1236 1293 esse
1299 1230 1491 1294 tertio
1535 1222 1791 1293 demum
1849 1228 1998 1294 belli
2052 1250 2224 1295 anno
2271 1229 2443 1294 dicit.
2487 1266 2571 1277 —-
2660 1229 2780 1294 Zo-

482 1340 674 1396 naras
717 1333 777 1416 3)
822 1331 1093 1415 denique
1149 1352 1366 1396 rerum
1423 1330 1534 1395 illo
1579 1351 1750 1396 anno
1809 1336 2130 1413 gestarum
2191 1332 2622 1397 narrationem
2678 1330 2781 1395 ita

482 1432 833 1512 coartavit,
889 1438 963 1501 ut
1004 1438 1248 1498 certum
1293 1433 1613 1515 quoddam
1660 1433 1965 1499 iudicium
2009 1433 2087 1498 de
2130 1434 2307 1500 fonte
2352 1432 2577 1498 Dionis
2622 1433 2778 1498 Cas-

481 1534 560 1600 sii
579 1585 595 1615 ,
656 1556 845 1620 quem
883 1555 1140 1619 semper
1180 1535 1548 1618 exscripsit,
1615 1535 1887 1620 proferri
1930 1542 2228 1620 nequeat.
2319 1536 2616 1601 Fortasse
2660 1555 2779 1600 au-

481 1644 613 1703 tem
657 1659 736 1702 ea
778 1659 886 1717 re,
931 1638 1102 1721 quod
1148 1637 1227 1701 de
1269 1636 1422 1701 belli
1466 1658 1635 1702 anno
1679 1637 1868 1703 XVII
1909 1639 2009 1703 vel
2054 1640 2170 1704 XV
2216 1659 2385 1703 anno
2431 1643 2778 1721 postquam

483 1739 707 1804 foedus
766 1740 964 1805 ictum
1025 1744 1124 1803 est
1179 1759 1219 1803 a
1263 1739 1568 1803 Romanis
1625 1745 1690 1804 et
1735 1739 2150 1824 Syracusanis
2198 1741 2483 1806 Zonaras
2516 1745 2575 1821 4)
2640 1747 2777 1805 tra-

483 1840 610 1922 dit,
656 1837 766 1906 illo
809 1862 980 1907 anno
1013 1842 1332 1907 Romanos
1376 1841 1701 1906 amicitiae
1745 1842 1967 1906 foedus
2010 1863 2155 1907 cum
2203 1843 2480 1908 Hierone
2519 1844 2777 1909 instau-

482 1940 688 2024 rasse,
763 1949 830 2011 et
852 1943 1042 2028 ⁴quod
1091 1942 1407 2008 Diodorus
1433 1946 1494 2028 ⁵)
1539 1944 1968 2009 conditionem
2024 1945 2202 2029 pacis
2258 1945 2455 2010 fuisse
2499 1946 2657 2010 dicit
2700 1949 2780 2010 ut

482 2047 706 2112 foedus
758 2045 875 2112 fiat
934 2047 1003 2121 in
1051 2046 1168 2113 XV
1211 2066 1449 2125 annos,
1522 2045 2027 2124 demonstratur,
2102 2054 2219 2114 aut
2262 2047 2614 2113 Diodorum
2659 2051 2777 2111 aut

479 2150 691 2234 ipsum
737 2149 1056 2214 Philinum
1100 2148 1295 2212 fuisse
1339 2148 1564 2214 Dionis
1610 2147 1814 2212 Cassii
1857 2153 2201 2214 auctorem.

652 2252 933 2317 Foedere
976 2270 1122 2316 cum
1169 2249 1443 2314 Hierone
1486 2257 1676 2334 pacto
1721 2251 2012 2315 consules
2056 2250 2278 2331 urbes,
2353 2273 2519 2338 quae
2562 2254 2632 2317 in
2678 2251 2774 2317 Si-

478 2354 630 2420 cilia
673 2354 833 2419 sitae
878 2355 943 2417 in
989 2352 1344 2417 Poenorum
1392 2351 1637 2416 ditione
1681 2358 1898 2431 erant,
1960 2361 2441 2437 oppugnarunt,
2496 2353 2774 2419 nonnul-

477 2457 575 2523 las
617 2460 1087 2541 expugnarunt.
1203 2453 1446 2519 Deinde
1490 2453 1599 2518 M!
1645 2453 1970 2520 Valerium
2018 2456 2367 2523 Maximum
2415 2457 2495 2522 de
2540 2454 2776 2521 Poenis

479 2566 545 2626 ct
601 2560 680 2624 de
742 2579 888 2643 rege
952 2557 1310 2623 Siculorum
1366 2556 1649 2621 Hierone
1715 2557 2143 2642 triumphasse
2206 2558 2359 2624 fasti
2419 2557 2794 2642 Capitolini

479 2661 768 2727 referunt
792 2710 807 2740 ‚
896 2659 1081 2743 eique
1149 2678 1380 2724 nomen
1437 2658 1742 2724 Messalla
1805 2659 2083 2725 inditum
2147 2682 2284 2726 esse
2350 2660 2620 2725 tradunt
2690 2659 2771 2723 ob

478 2764 815 2830 Messanae
873 2761 1430 2846 expugnationem.
1552 2762 1793 2825 Seneca
1825 2762 1884 2843 6)
1942 2783 2195 2846 quoque
2241 2763 2397 2827 dicit
2443 2762 2774 2828 Valerium

479 2865 821 2933 Corvinum
858 2867 948 2945 ⁷),
1008 2864 1120 2948 qui
1166 2862 1526 2928 Messanam
1571 2863 1841 2947 ceperit,
1900 2865 2261 2930 Messanam
2308 2884 2445 2929 esse
2488 2863 2773 2947 appella-

478 2975 648 3046 tum,
723 2988 849 3051 quo
907 2987 985 3031 ex
1052 2965 1307 3029 nomine
1379 2964 1721 3050 paullatim
1778 2964 1967 3049 vulgo
2038 2972 2448 3047 permutante
2522 2964 2777 3029 litteras

479 3069 782 3136 Messalla
826 3073 1056 3134 ortum*
1085 3066 1190 3131 sit.
1308 3066 1434 3131 Sed
1478 3068 1600 3130 hoc
1642 3061 1903 3150 prorsus
1944 3066 2181 3130 falsum
2224 3072 2353 3146 est,
2420 3088 2566 3132 cum
2610 3067 2778 3131 Mes·

478 3192 702 3238 sanam
745 3170 963 3235 urbem
998 3168 1271 3233 Romani
1318 3190 1444 3234 non
1489 3167 1794 3251 ceperint,
1841 3167 1950 3232 sed
1976 3168 2342 3233 Mamertini
2388 3188 2505 3232 sua
2548 3172 2777 3252 sponte

477 3294 621 3340 eam
683 3273 819 3336 iam¹
870 3291 1061 3340 anno,
1097 3270 1390 3354 proximo
1438 3270 1643 3353 Appio
1691 3255 1982 3334 Claudio.
2007 3267 2322 3333 dederint.
2437 3270 2687 3333 Plinius
2717 3271 2776 3347 8)

476 3374 675 3447 refert
728 3394 767 3439 a
825 3373 933 3437 M.’
979 3372 1238 3438 Valerio
1283 3371 1567 3438 Maximo
1613 3369 1889 3434 Messala
1950 3369 2237 3433 tabulam
2299 3369 2529 3454 proelii
2560 3419 2575 3447 ,
2651 3393 2778 3455 quo

477 3478 723 3543 Poenos
781 3481 846 3540 et
901 3461 1336 3558 Syracusanos
1393 3473 1700 3538 devicerit
1726 3521 1742 3550 ‚
1815 3474 1882 3535 in
1941 3471 2142 3534 latere
2200 3471 2417 3536 curiae
2462 3470 2781 3537 Hostiliae

477 3577 872 3663 propositam
932 3596 1104 3655 esse,
1181 3574 1291 3638 sed
1349 3594 1388 3636 a
1446 3575 1627 3639 nullo
1689 3574 2001 3657 scriptore
2058 3572 2370 3637 traditum
2431 3577 2530 3638 est
2589 3594 2632 3638 a
2678 3573 2781 3636 Μ]

478 3678 755 3750 Valerio,
797 3697 1083 3761 unqua-m
1128 3676 1374 3740 Poenos
1419 3683 1484 3740 et
1529 3677 1971 3759 Syracusanos
2023 3673 2396 3740 coniunctos
2439 3676 2644 3740 victos
2688 3697 2781 3740 es-

479 3802 579 3861 se;
654 3781 874 3862 itaque
919 3778 1144 3843 Ihnius
1175 3779 1235 3857 9)
1279 3783 1453 3843 recte
1499 3776 1661 3842 mihi
1706 3774 2020 3839 iudicasse
2064 3773 2351 3855 videtur,
2418 3775 2533 3858 qui
2575 3781 2783 3843 totam

626 4056 667 4119 ι)
740 4052 823 4118 11,
863 4022 944 4106 ιε’.
1086 4053 1135 4116 2)
1207 4051 1300 4116 iv,
1339 4054 1388 4104 7.
1529 4050 1578 4119 a)
1652 4047 1810 4115 vm,
1848 4049 1898 4100 9.
2039 4045 2083 4114 ⁴)
2153 4044 2309 4112 vm,
2353 4048 2433 4099 16.

621 4144 663 4195 5)
737 4138 955 4203 XXIII,
992 4141 1042 4192 4.
1244 4136 1288 4204 ⁶)
1360 4137 1429 4191 de
1465 4137 1619 4193 brev.
1654 4135 1757 4189 vit.
1807 4150 1855 4187 c.
1889 4132 2039 4185 XIII.

620 4228 665 4296 ⁷)
738 4224 956 4280 Corvini
990 4240 1294 4295 cognomen
1333 4223 1540 4277 Seneca
1579 4236 1766 4275 errore
1802 4221 1997 4287 captus
2033 4218 2266 4272 addidit.

623 4314 671 4384 8)
742 4314 856 4366 nat.
897 4311 1025 4366 hist.
1060 4310 1285 4379 XXXV,
1324 4314 1374 4365 7.
1516 4309 1563 4379 9)
1633 4309 1791 4364 Rom.
1832 4304 2026 4362 Geeoh.
2059 4304 2140 4372 11,
2179 4307 2265 4359 36.
