3088 5021
1456 346 1538 413 55

350 513 631 583 insulam
668 514 860 579 vicit:
927 512 981 581 L
1026 513 1385 587 Poenorum
1430 534 1625 581 naves
1669 514 2002 588 demersae
2046 518 2232 597 sunt,
2288 513 2466 583 LXX
2507 534 2657 591 cum

352 617 543 687 sociis
601 616 940 683 navalibus
997 622 1225 701 captae
1283 622 1350 685 et
1391 616 1612 685 decem
1658 616 1792 683 fere
1838 617 2098 687 milibus
2142 619 2524 685 Poenorum.
2569 653 2654 671 -ψ-

352 717 654 801 Polybius
707 724 754 799 ¹)
826 719 938 803 qui
1020 739 1305 803 pugnam
1376 720 1675 786 navalem
1747 720 2228 787 accuratissime
2299 719 2655 804 descripsit,

354 819 682 889 Philinum
727 826 982 887 secutus
1024 821 1280 887 videtur
1323 842 1491 898 esse,
1548 842 1694 888 cum
1739 821 2059 888 Diodorus
2093 825 2181 904 2),
2225 823 2337 906 qui
2380 821 2465 887 ad
2507 821 2658 897 Phi-

354 923 475 991 lini
517 924 969 991 auctoritatem
1012 930 1346 1007 provocat,
1391 924 1551 991 satis
1594 945 1738 992 cum
1772 925 2037 1008 Polybio
2081 925 2481 1004 consentiam
2542 925 2660 991 Po-

355 1024 569 1108 lybius
628 1026 887 1109 quidem
934 1026 1562 1109 Carthaginiensium
1623 1049 1819 1093 naves
1880 1027 2054 1094 CXX
2111 1033 2228 1092 aut
2278 1033 2504 1112 captas
2544 1033 2662 1095 aut

356 1128 685 1193 demersas
741 1150 878 1194 esse
904 1180 920 1208 ,
990 1130 1307 1195 Diodorus
1352 1129 1626 1209 CXVII,
1702 1131 1813 1197 sed
1856 1130 2018 1196 haec
2061 1128 2430 1197 differentia
2471 1128 2662 1205 facile

355 1230 716 1314 explicatur
784 1231 1029 1315 Polybii
1093 1231 1429 1299 brevitatis
1496 1233 1743 1312 studio,
1817 1234 1928 1316 qui
1995 1233 2255 1317 plenum
2318 1253 2659 1303 numerum

354 1331 686 1401 afferebat.
805 1333 1154 1418 Captorum
1221 1320 1525 1399 numerus
1588 1334 1656 1399 in
1717 1334 1983 1400 Diodori
2041 1335 2263 1419 ecloga
2318 1341 2658 1419 corruptus

356 1455 493 1501 esse
537 1435 822 1514 videtur,
879 1457 1024 1505 cum
1069 1436 1359 1502 Philinus
1404 1438 1515 1521 qui
1560 1458 1812 1521 semper
1857 1437 2486 1520 Carthaginiensium
2530 1436 2662 1504 cla-

356 1528 470 1601 des
513 1539 783 1618 minuit,
829 1538 950 1604 hoc
997 1538 1136 1604 loco
1180 1560 1399 1605 eorum
1444 1541 1694 1605 cladem
1740 1540 2079 1625 ampliasse
2124 1539 2230 1603 vix
2271 1545 2484 1623 potest
2521 1559 2662 1609 cre-

355 1639 442 1704 di.
532 1640 748 1706 Livius
793 1642 1123 1709 Valerium
1169 1643 1494 1708 Antiatem
1538 1643 1795 1708 videtur
1838 1643 2225 1728 inspexisse,
2299 1641 2564 1709 Orosius
2593 1642 2658 1727 3)

357 1743 527 1809 enim
573 1743 737 1809 dicit
777 1745 987 1810 LXIII
1023 1745 1300 1811 Punicas
1345 1765 1539 1810 naves
1585 1766 1721 1810 esse
1764 1749 1990 1830 captas
2036 1744 2266 1813 CXXV
2313 1744 2695 1826 demersas,

294 1872 297 1877 >
355 1844 624 1928 triginta
666 1846 794 1915 duo
836 1848 1016 1915 milia
1062 1848 1394 1914 hominum
1441 1852 1667 1931 capta,
1713 1847 2200 1931 quatuordecim
2246 1847 2428 1915 milia
2469 1867 2661 1921 caesa

357 1967 542 2023 esse:
632 1949 957 2015 Romanas
1022 1956 1250 2016 contra
1318 1970 1512 2015 naves
1585 1950 1715 2015 XII
1786 1955 2044 2016 tantum
2115 1970 2253 2015 esse
2314 1948 2659 2016 demersas.

359 2051 547 2134 Apud
593 2052 975 2136 Eutropium
1006 2056 1065 2134 4)
1113 2053 1363 2118 numeri
1410 2054 1697 2135 corrupti
1742 2058 1926 2131 sunt,
1990 2053 2057 2117 in
2102 2051 2319 2127 codice
2359 2051 2660 2119 Get-hano

355 2152 596 2236 legitur
638 2153 819 2223 XXV
836 2204 863 2236 ,.
945 2155 1009 2220 in
1058 2154 1427 2222 Monacensi
1485 2160 1552 2218 et
1610 2154 2063 2237 Bambergensi
2120 2154 2398 2225 LXXIII
2458 2175 2657 2227 naves

351 2257 710 2323 Poenorum
758 2279 893 2325 esse
936 2266 1198 2343 captas;
1252 2259 1321 2322 in
1366 2256 1660 2333 omnibus
1704 2256 2030 2323 codicibus
2064 2255 2297 2323 CXXV
2328 2257 2658 2329 demersas

355 2378 492 2425 esse
555 2380 782 2440 naves3
867 2361 936 2426 in
995 2361 1302 2429 Fuldensi
1362 2366 1429 2425 et
1497 2360 1867 2429 Monacensi
1939 2360 2213 2442 triginta
2276 2359 2403 2429 duo
2470 2358 2658 2437 milia

358 2460 987 2546 Carthaginiensium
1030 2484 1167 2529 esse
1211 2470 1435 2548 capta,
1480 2464 1550 2529 in
1596 2462 1892 2528 omnibus
1931 2462 2118 2530 libris
2160 2482 2357 2530 manu
2401 2462 2657 2547 scriptis

353 2566 662 2632 tredecim
706 2567 887 2636 milia
918 2566 1548 2651 Carthaginiensium
1592 2568 1802 2632 occisa
1846 2585 2021 2645 esse,
2066 2585 2100 2630 e
2130 2564 2334 2630 classe
2363 2565 2659 2640 Romana

354 2667 520 2734 XIII
561 2689 756 2734 naves
800 2689 936 2735 esse
978 2670 1319 2736 demersas.
1367 2707 1450 2718 —
1542 2670 1845 2755 Zonaras
1872 2671 1930 2749 ⁵)
1978 2668 2182 2742 Dione
2227 2668 2449 2736 Cassio
2493 2667 2660 2746 duce

356 2788 475 2836 sua
517 2790 552 2835 e
597 2769 777 2840 Livio
821 2771 1109 2837 hausisse
1154 2772 1441 2851 videtur,
1515 2792 1659 2844 cum
1707 2792 1835 2835 non
1880 2770 2088 2838 solum
2145 2773 2213 2835 in
2267 2792 2488 2855 pugna
2543 2790 2659 2844 naf-

351 2872 485 2937 vali
528 2874 895 2940 enarranda
935 2875 1094 2940 satis
1136 2867 1282 2939 cum
1330 2874 1639 2959 Eutropio
1683 2879 1750 2940 et
1793 2873 2020 2938 Oresio
2063 2874 2471 2953 consentiat,
2543 2873 2656 2944 sed

357 2977 554 3040 etiam
629 2997 833 3061 aeque
905 2999 981 3043 ac
1043 2979 1338 3043 Valerius
1407 2978 1729 3043 Maximus
1758 2978 1814 3056 6)
1889 2975 2130 3042 referat
2192 2974 2263 3040 C.
2323 2976 2657 3044 Lutatium

359 3078 661 3149 Catulum
718 3082 930 3165 ipsum
990 3102 1119 3146 non
1176 3081 1531 3165 praefuisse
1576 3080 1805 3158 classi,
1881 3078 1994 3144 sed
2039 3077 2340 3150 claudum
2384 3078 2658 3152 iacuisse

353 3182 423 3252 in
482 3181 741 3263 lectica,
817 3184 913 3248 ita
970 3190 1043 3254 ut
1089 3185 1162 3263 Q.
1211 3183 1452 3252 Valerii
1503 3182 1720 3248 Flacci
1776 3181 2095 3265 praetoris
2149 3180 2347 3250 ductu
2410 3181 2657 3256 Punica

358 3273 584 3352 classis
639 3287 809 3351 victa
881 3288 984 3351 sit.
1119 3286 1409 3371 Denique
1475 3287 1760 3351 Zonaras
1791 3287 1844 3364 ⁷)
1919 3289 1986 3349 et
2048 3282 2314 3350 Orosius
2386 3283 2658 3360 tradunt

356 3385 744 3454 Hannonem
790 3389 1253 3472 Carthaginem
1312 3389 1585 3471 fugisse,
1660 3407 1787 3472 quo
1844 3386 2285 3452 narrationum
2346 3406 2660 3460 consensu

356 3491 591 3557 iterum
633 3491 895 3577 probari
939 3493 1096 3557 mihi
1141 3494 1426 3572 videtur,
1503 3490 1772 3555 Dionem
1817 3488 2140 3569 Cassium,
2207 3489 2498 3566 Zonaras
2537 3488 2657 3566 du·-

356 3613 526 3674 cem,
592 3594 958 3678 saepissime
1003 3594 1165 3668 Livii
1209 3596 1391 3661 libris
1434 3615 1619 3659 usum
1666 3613 1823 3660 esse.

530 3698 1092 3782 Carthaginienses
1152 3697 1318 3765 bello
1376 3697 1570 3764 finem
1628 3695 1870 3779 imponi
1929 3696 2258 3780 cupientes
2300 3694 2658 3766 Hamilcari

357 3801 602 3866 Barcae
646 3801 1070 3882 mandarunt,
1144 3808 1217 3866 ut
1276 3800 1355 3866 de
1413 3801 1591 3884 pacis
1647 3797 2120 3864 conditionibus
2163 3817 2309 3862 cum
2353 3798 2657 3865 Romanis

356 3910 595 3985 ageret.
711 3904 1016 3988 Polybius
1056 3904 1218 3969 dicit
1246 3905 1304 3987 8)
1362 3923 1402 3968 a
1446 3901 1709 3968 Lutatio
1760 3920 1984 3984 pacem
2027 3898 2310 3968 oblat-am
2354 3901 2657 3974 alacriter

357 4010 690 4091 acceptam
731 4027 868 4071 esse
886 4057 901 4087 ,
947 4027 1092 4070 cum
1116 4005 1551 4071 Romanorum
1583 4024 1837 4088 quoque
1867 4023 2018 4087 opes
2047 4003 2315 4068 attritae
2345 4002 2651 4083 fuissent3

500 4254 544 4327 a)
613 4252 665 4322 1,
703 4255 790 4308 61.
964 4249 1009 4319 2)
1081 4249 1417 4317 xxrv,11.
1596 4246 1645 4316 ³)
1714 4246 1934 4314 1v‚10.
2116 4245 2159 4318 ⁴)
2227 4243 2310 4312 11,
2347 4244 2434 4326 27.

497 4344 546 4412 ⁵)
615 4339 900 4409 Vm,12.
1074 4338 1119 4406 ο)
1189 4336 1271 4407 11,
1306 4338 1368 4406 s,
1408 4336 1454 4387 1.
1630 4335 1680 4401 τ)
1750 4333 2032 4403 vm,17.
2201 4330 2251 4401 ⁸)
2323 4330 2375 4402 1,
2413 4331 2501 4392 ει.
